%% This BibTeX bibliography file was created using BibDesk.
%% http://bibdesk.sourceforge.net/

%% Created for Ariel Meilij at 2017-10-08 20:52:43 -0500 


%% Saved with string encoding Unicode (UTF-8) 



@book{daume,
	Address = {Maryland, USA},
	Author = {Hal Daume},
	Date-Added = {2017-10-09 00:24:05 +0000},
	Date-Modified = {2017-10-09 00:27:03 +0000},
	Publisher = {University of Maryland},
	Title = {A Course in Machine Learning},
	Year = {2013}}

@book{intoStats7,
	Address = {Willimantic, USA},
	Author = {Prem S. Mann and Christopher Jay Lacke},
	Date-Added = {2017-10-08 18:28:48 +0000},
	Date-Modified = {2017-10-08 18:30:49 +0000},
	Publisher = {Wiley},
	Title = {Introductory Statistics},
	Year = {2010}}

@book{thinkStats,
	Address = {Massachusetts, USA},
	Author = {Allen B. Downey},
	Date-Added = {2017-10-08 18:20:08 +0000},
	Date-Modified = {2017-10-08 18:21:13 +0000},
	Publisher = {Green Tea Press},
	Title = {Think Stats},
	Year = {2014}}

@book{yakir,
	Address = {Jerusalem, Israel},
	Author = {Benjamin Yakir},
	Date-Added = {2017-10-08 17:25:51 +0000},
	Date-Modified = {2017-10-08 17:26:51 +0000},
	Publisher = {The Hebrew University},
	Title = {Introduction to Statistical Thinking (With R, Without Calculus)},
	Year = {2011}}

@book{experienciasExportadoras,
	Author = {Adolfo Meisel Roca and Joaquin Viloria de la Hoz and Jaime Bonet Mor{\'o}n and Mar{\'\i}a Aguilera Diaz},
	Date-Added = {2017-10-08 17:03:35 +0000},
	Date-Modified = {2017-10-08 17:06:07 +0000},
	Editor = {Adolfo Meisel Roca},
	Publisher = {Colecci{\'o}n de Econom{\'\i}a Regional},
	Title = {Experiencias Exportadoras del Caribe Colombiano},
	Year = {2002}}

@book{crisisCambiarias,
	Address = {Barranquilla, Colombia},
	Author = {Bernardo Bernardi Carriello},
	Date-Added = {2017-10-08 17:02:04 +0000},
	Date-Modified = {2017-10-08 17:03:12 +0000},
	Publisher = {Ediciones Uninorte},
	Title = {Crisis Cambiarias en Pa{\'\i}ses Emergentes},
	Year = {2010}}

@book{ecoCol,
	Address = {Bogot{\'a}, Colombia},
	Author = {Jaime Ramirez Plazas},
	Date-Added = {2017-10-08 17:00:25 +0000},
	Date-Modified = {2017-10-08 17:01:32 +0000},
	Publisher = {Libreria Ediciones del Profesional Ltda.},
	Title = {Economia Colombiana},
	Year = {2013}}

@book{cardenas,
	Address = {Bogot{\'a}, Colombia},
	Author = {Alfonso Ortega C{\'a}rdenas},
	Date-Added = {2017-10-08 16:55:56 +0000},
	Date-Modified = {2017-10-08 17:00:00 +0000},
	Publisher = {ECOE Ediciones},
	Title = {Econom{\'\i}a Colombiana 5ta Edici{\'o}n},
	Year = {2016}}

@book{hyndman,
	Address = {Melbourne Australia},
	Author = {Robert Hyndman and Gregory Athanasopoulos},
	Date-Added = {2017-10-08 16:44:04 +0000},
	Date-Modified = {2017-10-08 16:45:20 +0000},
	Publisher = {Otexts},
	Title = {Forecasting Principles and Practice},
	Year = {2014}}

@book{hayashi,
	Address = {Kobe Japan},
	Author = {Chikio Hayashi and Keiji Yajima and Hans H. Bock and Noboru Ohsumi and Yutaka Tanaka and Yasumasa Baba},
	Date-Added = {2017-10-08 16:32:12 +0000},
	Date-Modified = {2017-10-08 16:36:09 +0000},
	Editor = {Springer},
	Publisher = {Springer},
	Title = {Data Science, Classification, and Related Methods},
	Year = {1981}}

@article{tukey,
	Author = {John Tukey},
	Date-Added = {2017-10-08 16:29:42 +0000},
	Date-Modified = {2017-10-08 16:32:01 +0000},
	Journal = {The Annals of Mathematical Statistics},
	Pages = {67},
	Title = {The Future of Data Analysis},
	Volume = {33},
	Year = {1962}}

@book{naur,
	Address = {Lund Sweden},
	Author = {Peter Naur},
	Date-Added = {2017-10-08 16:27:39 +0000},
	Date-Modified = {2017-10-08 16:29:04 +0000},
	Publisher = {Petrocelli Charter},
	Rating = {4},
	Title = {Consice Survey of Computer Methods},
	Year = {1974}}

@book{zumelMount,
	Address = {Shelter Island, USA},
	Author = {Zumel, N. and Mount, J.},
	Date-Modified = {2017-10-08 16:42:41 +0000},
	Publisher = {Manning},
	Title = {Practical Data Science with R},
	Year = 2014}

@book{daroczi,
	Address = {Birmingham, UK},
	Author = {Daroczi, G.},
	Date-Modified = {2017-10-08 16:43:29 +0000},
	Publisher = {Packt Publishing},
	Title = {Mastering Data Science with R},
	Year = 2015}

@book{narayanachar,
	Address = {Birmingham, UK},
	Author = {Narayanachar, P.},
	Date-Modified = {2017-10-09 01:47:04 +0000},
	Publisher = {Packt Publishing},
	Title = {R Statistical Application Development by Example},
	Year = 2013}

@book{viswanathan,
	Address = {Birmingham, UK},
	Author = {Viswanathan, V. and Viswanathan, S.},
	Date-Modified = {2017-10-08 17:34:47 +0000},
	Publisher = {Packt Publishing},
	Title = {R Data Analysis Cookbook},
	Year = 2015}

@book{datamining,
	Address = {San Francisco, USA},
	Author = {Witten, I. and Frank, E.},
	Date-Modified = {2017-10-08 16:51:42 +0000},
	Publisher = {Morgan Kaufmann Publishing},
	Title = {Data Mining Practical Machine Learning Tools and Techniques},
	Year = 2005}

@book{ensembleMethods,
	Address = {Boca Raton, USA},
	Author = {Zhou, Z.},
	Date-Modified = {2017-10-08 16:52:21 +0000},
	Publisher = {Chapman and Hall - CRC},
	Title = {Ensemble Methods},
	Year = 2012}

@book{ensembleMachineLearning,
	Address = {New York, USA},
	Author = {Zhang, C. and Ma, Y.},
	Date-Modified = {2017-10-08 16:52:41 +0000},
	Publisher = {Springer},
	Title = {Ensemble Machine Learning},
	Year = 2012}

@book{alpaydin,
	Address = {Massachusetts, USA},
	Author = {Alpaydin, E.},
	Date-Modified = {2017-10-09 01:47:25 +0000},
	Publisher = {The MIT Press},
	Title = {Introduction to Machine Learning 2nd Edition},
	Year = 2010}

@book{harrington,
	Address = {Shelter Island, USA},
	Author = {Harrington, P.},
	Date-Modified = {2017-10-08 16:39:31 +0000},
	Publisher = {Manning Publications},
	Title = {Machine Learning in Action},
	Year = 2012}

@book{mitchell,
	Address = {New York, USA},
	Author = {Mitchell, T.},
	Date-Modified = {2017-10-08 16:39:16 +0000},
	Publisher = {McGraw Hill},
	Title = {Machine Learning},
	Year = 1997}

@book{theElements,
	Address = {Stanford, USA},
	Author = {Trevor Hastie and Robert Tibshirani and Jerome Friedman},
	Date-Modified = {2017-10-09 01:46:05 +0000},
	Publisher = {Springer},
	Title = {The Elements of Statistical Learning},
	Year = 1997}
