%% This BibTeX bibliography file was created using BibDesk.
%% http://bibdesk.sourceforge.net/

%% Created for Ariel Meilij at 2017-10-11 20:08:01 -0500 


%% Saved with string encoding Unicode (UTF-8) 



@article{mercadoDerivados,
	Author = {Nathali Alvarado and Juan Robayo and Juan Moreno},
	Date-Added = {2017-10-12 00:57:10 +0000},
	Date-Modified = {2017-10-12 00:59:07 +0000},
	Journal = {Borradores de Economia},
	Keywords = {Derivados, cobertura cambiaria, devaluaci{\'o}n impl{\'\i}cita, forwards, opciones, paridad, riesgo cambiario.},
	Number = {860},
	Pages = {2-46},
	Title = {Caracterizaci{\'o}n del Mercado de Derivados Cambiarios en Colombia},
	Year = {2014},
	Bdsk-File-1 = {YnBsaXN0MDDUAQIDBAUGJCVYJHZlcnNpb25YJG9iamVjdHNZJGFyY2hpdmVyVCR0b3ASAAGGoKgHCBMUFRYaIVUkbnVsbNMJCgsMDxJXTlMua2V5c1pOUy5vYmplY3RzViRjbGFzc6INDoACgAOiEBGABIAFgAdccmVsYXRpdmVQYXRoWWFsaWFzRGF0YV8QVi4uLy4uLy4uL0JpYmxpb2dyYWZpYS9BcnRpY3Vsb3MgQ2llbnRpZmljb3MvRWNvbm9taWEgQ29sb21iaWFuYS9EZXJpdmFkb3MgQ29sb21iaWEucGRm0hcLGBlXTlMuZGF0YU8RAnAAAAAAAnAAAgAADE1hY2ludG9zaCBIRAAAAAAAAAAAAAAAAAAAANJIXZFIKwAAAHYxLxZEZXJpdmFkb3MgQ29sb21iaWEucGRmAAAAAAAAAAAAAAAAAAAAAAAAAAAAAAAAAAAAAAAAAAAAAAAAAAAAAAAAdiek1KhJSgAAAAAAAAAAAAMABAAACSAAAAAAAAAAAAAAAAAAAAATRWNvbm9taWEgQ29sb21iaWFuYQAAEAAIAADSSKPhAAAAEQAIAADUqI+aAAAAAQAcAHYxLwB2J54Adj4EAFCrzQAJYdgACWHXAAYqmgACAJlNYWNpbnRvc2ggSEQ6VXNlcnM6AGFtZWlsaWo6AERvY3VtZW50czoARG9jdG9yYWRvIEFkbWluaXN0cmFjaW9uIzUwQUJDRDoAQmlibGlvZ3JhZmlhOgBBcnRpY3Vsb3MgQ2llbnRpZmljb3M6AEVjb25vbWlhIENvbG9tYmlhbmE6AERlcml2YWRvcyBDb2xvbWJpYS5wZGYAAA4ALgAWAEQAZQByAGkAdgBhAGQAbwBzACAAQwBvAGwAbwBtAGIAaQBhAC4AcABkAGYADwAaAAwATQBhAGMAaQBuAHQAbwBzAGgAIABIAEQAEgCIVXNlcnMvYW1laWxpai9Eb2N1bWVudHMvRG9jdG9yYWRvIEFkbWluaXN0cmFjaW9uIEdlcmVuY2lhbC9CaWJsaW9ncmFmaWEvQXJ0aWN1bG9zIENpZW50aWZpY29zL0Vjb25vbWlhIENvbG9tYmlhbmEvRGVyaXZhZG9zIENvbG9tYmlhLnBkZgATAAEvAAAVAAIADv//AACABtIbHB0eWiRjbGFzc25hbWVYJGNsYXNzZXNdTlNNdXRhYmxlRGF0YaMdHyBWTlNEYXRhWE5TT2JqZWN00hscIiNcTlNEaWN0aW9uYXJ5oiIgXxAPTlNLZXllZEFyY2hpdmVy0SYnVHJvb3SAAQAIABEAGgAjAC0AMgA3AEAARgBNAFUAYABnAGoAbABuAHEAcwB1AHcAhACOAOcA7AD0A2gDagNvA3oDgwORA5UDnAOlA6oDtwO6A8wDzwPUAAAAAAAAAgEAAAAAAAAAKAAAAAAAAAAAAAAAAAAAA9Y=}}

@techreport{futurosTRM,
	Author = {Nicolas Mayorga},
	Date-Added = {2017-10-12 00:49:32 +0000},
	Date-Modified = {2017-10-12 00:55:18 +0000},
	Institution = {Bolsa de Valores de Colombia},
	Title = {Futuros de TRM},
	Year = {2010},
	Bdsk-File-1 = {YnBsaXN0MDDUAQIDBAUGJCVYJHZlcnNpb25YJG9iamVjdHNZJGFyY2hpdmVyVCR0b3ASAAGGoKgHCBMUFRYaIVUkbnVsbNMJCgsMDxJXTlMua2V5c1pOUy5vYmplY3RzViRjbGFzc6INDoACgAOiEBGABIAFgAdccmVsYXRpdmVQYXRoWWFsaWFzRGF0YV8QTi4uLy4uLy4uL0JpYmxpb2dyYWZpYS9BcnRpY3Vsb3MgQ2llbnRpZmljb3MvRWNvbm9taWEgQ29sb21iaWFuYS9GdXR1cm9fVFJNLnBkZtIXCxgZV05TLmRhdGFPEQJQAAAAAAJQAAIAAAxNYWNpbnRvc2ggSEQAAAAAAAAAAAAAAAAAAADSSF2RSCsAAAB2MS8ORnV0dXJvX1RSTS5wZGYAAAAAAAAAAAAAAAAAAAAAAAAAAAAAAAAAAAAAAAAAAAAAAAAAAAAAAAAAAAAAAAAAAHYrK9SoQNAAAAAAAAAAAAADAAQAAAkgAAAAAAAAAAAAAAAAAAAAE0Vjb25vbWlhIENvbG9tYmlhbmEAABAACAAA0kij4QAAABEACAAA1KiHIAAAAAEAHAB2MS8AdieeAHY+BABQq80ACWHYAAlh1wAGKpoAAgCRTWFjaW50b3NoIEhEOlVzZXJzOgBhbWVpbGlqOgBEb2N1bWVudHM6AERvY3RvcmFkbyBBZG1pbmlzdHJhY2lvbiM1MEFCQ0Q6AEJpYmxpb2dyYWZpYToAQXJ0aWN1bG9zIENpZW50aWZpY29zOgBFY29ub21pYSBDb2xvbWJpYW5hOgBGdXR1cm9fVFJNLnBkZgAADgAeAA4ARgB1AHQAdQByAG8AXwBUAFIATQAuAHAAZABmAA8AGgAMAE0AYQBjAGkAbgB0AG8AcwBoACAASABEABIAgFVzZXJzL2FtZWlsaWovRG9jdW1lbnRzL0RvY3RvcmFkbyBBZG1pbmlzdHJhY2lvbiBHZXJlbmNpYWwvQmlibGlvZ3JhZmlhL0FydGljdWxvcyBDaWVudGlmaWNvcy9FY29ub21pYSBDb2xvbWJpYW5hL0Z1dHVyb19UUk0ucGRmABMAAS8AABUAAgAO//8AAIAG0hscHR5aJGNsYXNzbmFtZVgkY2xhc3Nlc11OU011dGFibGVEYXRhox0fIFZOU0RhdGFYTlNPYmplY3TSGxwiI1xOU0RpY3Rpb25hcnmiIiBfEA9OU0tleWVkQXJjaGl2ZXLRJidUcm9vdIABAAgAEQAaACMALQAyADcAQABGAE0AVQBgAGcAagBsAG4AcQBzAHUAdwCEAI4A3wDkAOwDQANCA0cDUgNbA2kDbQN0A30DggOPA5IDpAOnA6wAAAAAAAACAQAAAAAAAAAoAAAAAAAAAAAAAAAAAAADrg==}}

@article{rengifo,
	Author = {John Jairo Rengifo},
	Date-Added = {2017-10-12 00:47:01 +0000},
	Date-Modified = {2017-10-12 00:49:08 +0000},
	Journal = {Gestion y Desarrollo},
	Keywords = {Derivatives, futures, forward contracts, short position, long position.},
	Month = {July},
	Number = {2},
	Pages = {123-133},
	Title = {Registro Contable de Futuros y Contratos a Plazo},
	Volume = {6},
	Year = {2009},
	Bdsk-File-1 = {YnBsaXN0MDDUAQIDBAUGJCVYJHZlcnNpb25YJG9iamVjdHNZJGFyY2hpdmVyVCR0b3ASAAGGoKgHCBMUFRYaIVUkbnVsbNMJCgsMDxJXTlMua2V5c1pOUy5vYmplY3RzViRjbGFzc6INDoACgAOiEBGABIAFgAdccmVsYXRpdmVQYXRoWWFsaWFzRGF0YV8QXS4uLy4uLy4uL0JpYmxpb2dyYWZpYS9BcnRpY3Vsb3MgQ2llbnRpZmljb3MvRWNvbm9taWEgQ29sb21iaWFuYS9GdXR1cm9zIHkgQ29udHJhdG9zIFBsYXpvLnBkZtIXCxgZV05TLmRhdGFPEQKMAAAAAAKMAAIAAAxNYWNpbnRvc2ggSEQAAAAAAAAAAAAAAAAAAADSSF2RSCsAAAB2MS8dRnV0dXJvcyB5IENvbnRyYXRvcyBQbGF6by5wZGYAAAAAAAAAAAAAAAAAAAAAAAAAAAAAAAAAAAAAAAAAAAAAAHYrMdSpZ8QAAAAAAAAAAAADAAQAAAkgAAAAAAAAAAAAAAAAAAAAE0Vjb25vbWlhIENvbG9tYmlhbmEAABAACAAA0kij4QAAABEACAAA1KmuFAAAAAEAHAB2MS8AdieeAHY+BABQq80ACWHYAAlh1wAGKpoAAgCgTWFjaW50b3NoIEhEOlVzZXJzOgBhbWVpbGlqOgBEb2N1bWVudHM6AERvY3RvcmFkbyBBZG1pbmlzdHJhY2lvbiM1MEFCQ0Q6AEJpYmxpb2dyYWZpYToAQXJ0aWN1bG9zIENpZW50aWZpY29zOgBFY29ub21pYSBDb2xvbWJpYW5hOgBGdXR1cm9zIHkgQ29udHJhdG9zIFBsYXpvLnBkZgAOADwAHQBGAHUAdAB1AHIAbwBzACAAeQAgAEMAbwBuAHQAcgBhAHQAbwBzACAAUABsAGEAegBvAC4AcABkAGYADwAaAAwATQBhAGMAaQBuAHQAbwBzAGgAIABIAEQAEgCPVXNlcnMvYW1laWxpai9Eb2N1bWVudHMvRG9jdG9yYWRvIEFkbWluaXN0cmFjaW9uIEdlcmVuY2lhbC9CaWJsaW9ncmFmaWEvQXJ0aWN1bG9zIENpZW50aWZpY29zL0Vjb25vbWlhIENvbG9tYmlhbmEvRnV0dXJvcyB5IENvbnRyYXRvcyBQbGF6by5wZGYAABMAAS8AABUAAgAO//8AAIAG0hscHR5aJGNsYXNzbmFtZVgkY2xhc3Nlc11OU011dGFibGVEYXRhox0fIFZOU0RhdGFYTlNPYmplY3TSGxwiI1xOU0RpY3Rpb25hcnmiIiBfEA9OU0tleWVkQXJjaGl2ZXLRJidUcm9vdIABAAgAEQAaACMALQAyADcAQABGAE0AVQBgAGcAagBsAG4AcQBzAHUAdwCEAI4A7gDzAPsDiwONA5IDnQOmA7QDuAO/A8gDzQPaA90D7wPyA/cAAAAAAAACAQAAAAAAAAAoAAAAAAAAAAAAAAAAAAAD+Q==}}

@article{bonanzaCrisis,
	Author = {Ligia Melo-Becerra and Enrique Ramos-Forero and Ligia Parrado-Galvis and H{\'e}ctor Zarate-Solano},
	Date-Added = {2017-10-12 00:43:14 +0000},
	Date-Modified = {2017-10-12 00:45:42 +0000},
	Journal = {Borradores de Economia},
	Keywords = {Petr{\'o}leo, Finanzas Publicas Colombia, PCT-VAR.},
	Number = {961},
	Pages = {1-32},
	Title = {Bonanza y Crisis Petrolera y su Efecto sobre la Economia Colombiana},
	Year = {2016},
	Bdsk-File-1 = {YnBsaXN0MDDUAQIDBAUGJCVYJHZlcnNpb25YJG9iamVjdHNZJGFyY2hpdmVyVCR0b3ASAAGGoKgHCBMUFRYaIVUkbnVsbNMJCgsMDxJXTlMua2V5c1pOUy5vYmplY3RzViRjbGFzc6INDoACgAOiEBGABIAFgAdccmVsYXRpdmVQYXRoWWFsaWFzRGF0YV8QXi4uLy4uLy4uL0JpYmxpb2dyYWZpYS9BcnRpY3Vsb3MgQ2llbnRpZmljb3MvRWNvbm9taWEgQ29sb21iaWFuYS9Cb25hbnphIHkgQ3Jpc2lzIFBldHJvbGVyYS5wZGbSFwsYGVdOUy5kYXRhTxECkAAAAAACkAACAAAMTWFjaW50b3NoIEhEAAAAAAAAAAAAAAAAAAAA0khdkUgrAAAAdjEvHkJvbmFuemEgeSBDcmlzaXMgUGV0cm9sZXJhLnBkZgAAAAAAAAAAAAAAAAAAAAAAAAAAAAAAAAAAAAAAAAAAAAB2J6fUqEdoAAAAAAAAAAAAAwAEAAAJIAAAAAAAAAAAAAAAAAAAABNFY29ub21pYSBDb2xvbWJpYW5hAAAQAAgAANJIo+EAAAARAAgAANSojbgAAAABABwAdjEvAHYnngB2PgQAUKvNAAlh2AAJYdcABiqaAAIAoU1hY2ludG9zaCBIRDpVc2VyczoAYW1laWxpajoARG9jdW1lbnRzOgBEb2N0b3JhZG8gQWRtaW5pc3RyYWNpb24jNTBBQkNEOgBCaWJsaW9ncmFmaWE6AEFydGljdWxvcyBDaWVudGlmaWNvczoARWNvbm9taWEgQ29sb21iaWFuYToAQm9uYW56YSB5IENyaXNpcyBQZXRyb2xlcmEucGRmAAAOAD4AHgBCAG8AbgBhAG4AegBhACAAeQAgAEMAcgBpAHMAaQBzACAAUABlAHQAcgBvAGwAZQByAGEALgBwAGQAZgAPABoADABNAGEAYwBpAG4AdABvAHMAaAAgAEgARAASAJBVc2Vycy9hbWVpbGlqL0RvY3VtZW50cy9Eb2N0b3JhZG8gQWRtaW5pc3RyYWNpb24gR2VyZW5jaWFsL0JpYmxpb2dyYWZpYS9BcnRpY3Vsb3MgQ2llbnRpZmljb3MvRWNvbm9taWEgQ29sb21iaWFuYS9Cb25hbnphIHkgQ3Jpc2lzIFBldHJvbGVyYS5wZGYAEwABLwAAFQACAA7//wAAgAbSGxwdHlokY2xhc3NuYW1lWCRjbGFzc2VzXU5TTXV0YWJsZURhdGGjHR8gVk5TRGF0YVhOU09iamVjdNIbHCIjXE5TRGljdGlvbmFyeaIiIF8QD05TS2V5ZWRBcmNoaXZlctEmJ1Ryb290gAEACAARABoAIwAtADIANwBAAEYATQBVAGAAZwBqAGwAbgBxAHMAdQB3AIQAjgDvAPQA/AOQA5IDlwOiA6sDuQO9A8QDzQPSA98D4gP0A/cD/AAAAAAAAAIBAAAAAAAAACgAAAAAAAAAAAAAAAAAAAP+}}

@manual{packageForecast,
	Address = {Melbourne Australia},
	Author = {Robert Hyndman},
	Date-Added = {2017-10-12 00:41:30 +0000},
	Date-Modified = {2017-10-12 00:42:33 +0000},
	Organization = {CRAN},
	Title = {Forecasting Functions for Time Series and Linear Models},
	Year = {2016},
	Bdsk-File-1 = {YnBsaXN0MDDUAQIDBAUGJCVYJHZlcnNpb25YJG9iamVjdHNZJGFyY2hpdmVyVCR0b3ASAAGGoKgHCBMUFRYaIVUkbnVsbNMJCgsMDxJXTlMua2V5c1pOUy5vYmplY3RzViRjbGFzc6INDoACgAOiEBGABIAFgAdccmVsYXRpdmVQYXRoWWFsaWFzRGF0YV8QTi4uLy4uLy4uL0JpYmxpb2dyYWZpYS9BcnRpY3Vsb3MgQ2llbnRpZmljb3MvVGltZSBTZXJpZXMvUGFja2FnZSBmb3JlY2FzdCBSLnBkZtIXCxgZV05TLmRhdGFPEQJYAAAAAAJYAAIAAAxNYWNpbnRvc2ggSEQAAAAAAAAAAAAAAAAAAADSSF2RSCsAAAB2L4YWUGFja2FnZSBmb3JlY2FzdCBSLnBkZgAAAAAAAAAAAAAAAAAAAAAAAAAAAAAAAAAAAAAAAAAAAAAAAAAAAAAAAHYrKtTQ/IcAAAAAAAAAAAADAAQAAAkgAAAAAAAAAAAAAAAAAAAAC1RpbWUgU2VyaWVzAAAQAAgAANJIo+EAAAARAAgAANTRQtcAAAABABwAdi+GAHYnngB2PgQAUKvNAAlh2AAJYdcABiqaAAIAkU1hY2ludG9zaCBIRDpVc2VyczoAYW1laWxpajoARG9jdW1lbnRzOgBEb2N0b3JhZG8gQWRtaW5pc3RyYWNpb24jNTBBQkNEOgBCaWJsaW9ncmFmaWE6AEFydGljdWxvcyBDaWVudGlmaWNvczoAVGltZSBTZXJpZXM6AFBhY2thZ2UgZm9yZWNhc3QgUi5wZGYAAA4ALgAWAFAAYQBjAGsAYQBnAGUAIABmAG8AcgBlAGMAYQBzAHQAIABSAC4AcABkAGYADwAaAAwATQBhAGMAaQBuAHQAbwBzAGgAIABIAEQAEgCAVXNlcnMvYW1laWxpai9Eb2N1bWVudHMvRG9jdG9yYWRvIEFkbWluaXN0cmFjaW9uIEdlcmVuY2lhbC9CaWJsaW9ncmFmaWEvQXJ0aWN1bG9zIENpZW50aWZpY29zL1RpbWUgU2VyaWVzL1BhY2thZ2UgZm9yZWNhc3QgUi5wZGYAEwABLwAAFQACAA7//wAAgAbSGxwdHlokY2xhc3NuYW1lWCRjbGFzc2VzXU5TTXV0YWJsZURhdGGjHR8gVk5TRGF0YVhOU09iamVjdNIbHCIjXE5TRGljdGlvbmFyeaIiIF8QD05TS2V5ZWRBcmNoaXZlctEmJ1Ryb290gAEACAARABoAIwAtADIANwBAAEYATQBVAGAAZwBqAGwAbgBxAHMAdQB3AIQAjgDfAOQA7ANIA0oDTwNaA2MDcQN1A3wDhQOKA5cDmgOsA68DtAAAAAAAAAIBAAAAAAAAACgAAAAAAAAAAAAAAAAAAAO2}}

@article{grangerEngle,
	Author = {Robert Engle and Clive Granger},
	Date-Added = {2017-10-12 00:35:48 +0000},
	Date-Modified = {2017-10-12 00:40:26 +0000},
	Journal = {The Royal Swedish Academy of Sciences},
	Month = {October},
	Pages = {2-30},
	Title = {Time Series Econometrics: Cointegration and Autoregressive Conditional Heteroskedasticity},
	Year = {2003},
	Bdsk-File-1 = {YnBsaXN0MDDUAQIDBAUGJCVYJHZlcnNpb25YJG9iamVjdHNZJGFyY2hpdmVyVCR0b3ASAAGGoKgHCBMUFRYaIVUkbnVsbNMJCgsMDxJXTlMua2V5c1pOUy5vYmplY3RzViRjbGFzc6INDoACgAOiEBGABIAFgAdccmVsYXRpdmVQYXRoWWFsaWFzRGF0YV8QZy4uLy4uLy4uL0JpYmxpb2dyYWZpYS9BcnRpY3Vsb3MgQ2llbnRpZmljb3MvVGltZSBTZXJpZXMvVGltZSBTZXJpZXMgLUNvbmRpdGlvbmFsIEhldGVyb3NrZWRhc3RpY2l0eS5wZGbSFwsYGVdOUy5kYXRhTxECrAAAAAACrAACAAAMTWFjaW50b3NoIEhEAAAAAAAAAAAAAAAAAAAA0khdkUgrAAAAdi+GH1RpbWUgU2VyaWVzIC1Db25kaXRpIzc2MjdBRi5wZGYAAAAAAAAAAAAAAAAAAAAAAAAAAAAAAAAAAAAAAAAAAAB2J6/U0PTdAAAAAAAAAAAAAwAEAAAJIAAAAAAAAAAAAAAAAAAAAAtUaW1lIFNlcmllcwAAEAAIAADSSKPhAAAAEQAIAADU0TstAAAAAQAcAHYvhgB2J54Adj4EAFCrzQAJYdgACWHXAAYqmgACAJpNYWNpbnRvc2ggSEQ6VXNlcnM6AGFtZWlsaWo6AERvY3VtZW50czoARG9jdG9yYWRvIEFkbWluaXN0cmFjaW9uIzUwQUJDRDoAQmlibGlvZ3JhZmlhOgBBcnRpY3Vsb3MgQ2llbnRpZmljb3M6AFRpbWUgU2VyaWVzOgBUaW1lIFNlcmllcyAtQ29uZGl0aSM3NjI3QUYucGRmAA4AYAAvAFQAaQBtAGUAIABTAGUAcgBpAGUAcwAgAC0AQwBvAG4AZABpAHQAaQBvAG4AYQBsACAASABlAHQAZQByAG8AcwBrAGUAZABhAHMAdABpAGMAaQB0AHkALgBwAGQAZgAPABoADABNAGEAYwBpAG4AdABvAHMAaAAgAEgARAASAJlVc2Vycy9hbWVpbGlqL0RvY3VtZW50cy9Eb2N0b3JhZG8gQWRtaW5pc3RyYWNpb24gR2VyZW5jaWFsL0JpYmxpb2dyYWZpYS9BcnRpY3Vsb3MgQ2llbnRpZmljb3MvVGltZSBTZXJpZXMvVGltZSBTZXJpZXMgLUNvbmRpdGlvbmFsIEhldGVyb3NrZWRhc3RpY2l0eS5wZGYAABMAAS8AABUAAgAO//8AAIAG0hscHR5aJGNsYXNzbmFtZVgkY2xhc3Nlc11OU011dGFibGVEYXRhox0fIFZOU0RhdGFYTlNPYmplY3TSGxwiI1xOU0RpY3Rpb25hcnmiIiBfEA9OU0tleWVkQXJjaGl2ZXLRJidUcm9vdIABAAgAEQAaACMALQAyADcAQABGAE0AVQBgAGcAagBsAG4AcQBzAHUAdwCEAI4A+AD9AQUDtQO3A7wDxwPQA94D4gPpA/ID9wQEBAcEGQQcBCEAAAAAAAACAQAAAAAAAAAoAAAAAAAAAAAAAAAAAAAEIw==}}

@unpublished{theodosiouSwamy,
	Author = {Marina Theodosiou and Murali Swamy},
	Date-Added = {2017-10-12 00:33:17 +0000},
	Date-Modified = {2017-10-12 00:34:38 +0000},
	Note = {Imperial College of South Kensington, UK},
	Title = {A Hybrid Forecasting Approach: Structural Decomposition, Generalized Regression Neural Networks and Theta Method},
	Bdsk-File-1 = {YnBsaXN0MDDUAQIDBAUGJCVYJHZlcnNpb25YJG9iamVjdHNZJGFyY2hpdmVyVCR0b3ASAAGGoKgHCBMUFRYaIVUkbnVsbNMJCgsMDxJXTlMua2V5c1pOUy5vYmplY3RzViRjbGFzc6INDoACgAOiEBGABIAFgAdccmVsYXRpdmVQYXRoWWFsaWFzRGF0YV8QTi4uLy4uLy4uL0JpYmxpb2dyYWZpYS9BcnRpY3Vsb3MgQ2llbnRpZmljb3MvVGltZSBTZXJpZXMvSHlicmlkIEZvcmVjYXN0aW5nLnBkZtIXCxgZV05TLmRhdGFPEQJYAAAAAAJYAAIAAAxNYWNpbnRvc2ggSEQAAAAAAAAAAAAAAAAAAADSSF2RSCsAAAB2L4YWSHlicmlkIEZvcmVjYXN0aW5nLnBkZgAAAAAAAAAAAAAAAAAAAAAAAAAAAAAAAAAAAAAAAAAAAAAAAAAAAAAAAHVRqtXfL2MAAAAAAAAAAAADAAQAAAkgAAAAAAAAAAAAAAAAAAAAC1RpbWUgU2VyaWVzAAAQAAgAANJIo+EAAAARAAgAANXfdbMAAAABABwAdi+GAHYnngB2PgQAUKvNAAlh2AAJYdcABiqaAAIAkU1hY2ludG9zaCBIRDpVc2VyczoAYW1laWxpajoARG9jdW1lbnRzOgBEb2N0b3JhZG8gQWRtaW5pc3RyYWNpb24jNTBBQkNEOgBCaWJsaW9ncmFmaWE6AEFydGljdWxvcyBDaWVudGlmaWNvczoAVGltZSBTZXJpZXM6AEh5YnJpZCBGb3JlY2FzdGluZy5wZGYAAA4ALgAWAEgAeQBiAHIAaQBkACAARgBvAHIAZQBjAGEAcwB0AGkAbgBnAC4AcABkAGYADwAaAAwATQBhAGMAaQBuAHQAbwBzAGgAIABIAEQAEgCAVXNlcnMvYW1laWxpai9Eb2N1bWVudHMvRG9jdG9yYWRvIEFkbWluaXN0cmFjaW9uIEdlcmVuY2lhbC9CaWJsaW9ncmFmaWEvQXJ0aWN1bG9zIENpZW50aWZpY29zL1RpbWUgU2VyaWVzL0h5YnJpZCBGb3JlY2FzdGluZy5wZGYAEwABLwAAFQACAA7//wAAgAbSGxwdHlokY2xhc3NuYW1lWCRjbGFzc2VzXU5TTXV0YWJsZURhdGGjHR8gVk5TRGF0YVhOU09iamVjdNIbHCIjXE5TRGljdGlvbmFyeaIiIF8QD05TS2V5ZWRBcmNoaXZlctEmJ1Ryb290gAEACAARABoAIwAtADIANwBAAEYATQBVAGAAZwBqAGwAbgBxAHMAdQB3AIQAjgDfAOQA7ANIA0oDTwNaA2MDcQN1A3wDhQOKA5cDmgOsA68DtAAAAAAAAAIBAAAAAAAAACgAAAAAAAAAAAAAAAAAAAO2}}

@article{dickeyfuller,
	Author = {David Dickey and Wayne Fuller},
	Date-Added = {2017-10-12 00:30:38 +0000},
	Date-Modified = {2017-10-12 00:32:11 +0000},
	Journal = {Econometrica},
	Month = {July},
	Number = {4},
	Pages = {1057-1072},
	Title = {Likelihood Ratio Statistics for Autoregressive Time Series with a Unit Root},
	Volume = {49},
	Year = {1981},
	Bdsk-File-1 = {YnBsaXN0MDDUAQIDBAUGJCVYJHZlcnNpb25YJG9iamVjdHNZJGFyY2hpdmVyVCR0b3ASAAGGoKgHCBMUFRYaIVUkbnVsbNMJCgsMDxJXTlMua2V5c1pOUy5vYmplY3RzViRjbGFzc6INDoACgAOiEBGABIAFgAdccmVsYXRpdmVQYXRoWWFsaWFzRGF0YV8QUC4uLy4uLy4uL0JpYmxpb2dyYWZpYS9BcnRpY3Vsb3MgQ2llbnRpZmljb3MvVGltZSBTZXJpZXMvRGlja2V5IEZ1bGxlciBUaGVzaXMucGRm0hcLGBlXTlMuZGF0YU8RAmAAAAAAAmAAAgAADE1hY2ludG9zaCBIRAAAAAAAAAAAAAAAAAAAANJIXZFIKwAAAHYvhhhEaWNrZXkgRnVsbGVyIFRoZXNpcy5wZGYAAAAAAAAAAAAAAAAAAAAAAAAAAAAAAAAAAAAAAAAAAAAAAAAAAAAAdiey1NJtcwAAAAAAAAAAAAMABAAACSAAAAAAAAAAAAAAAAAAAAALVGltZSBTZXJpZXMAABAACAAA0kij4QAAABEACAAA1NKzwwAAAAEAHAB2L4YAdieeAHY+BABQq80ACWHYAAlh1wAGKpoAAgCTTWFjaW50b3NoIEhEOlVzZXJzOgBhbWVpbGlqOgBEb2N1bWVudHM6AERvY3RvcmFkbyBBZG1pbmlzdHJhY2lvbiM1MEFCQ0Q6AEJpYmxpb2dyYWZpYToAQXJ0aWN1bG9zIENpZW50aWZpY29zOgBUaW1lIFNlcmllczoARGlja2V5IEZ1bGxlciBUaGVzaXMucGRmAAAOADIAGABEAGkAYwBrAGUAeQAgAEYAdQBsAGwAZQByACAAVABoAGUAcwBpAHMALgBwAGQAZgAPABoADABNAGEAYwBpAG4AdABvAHMAaAAgAEgARAASAIJVc2Vycy9hbWVpbGlqL0RvY3VtZW50cy9Eb2N0b3JhZG8gQWRtaW5pc3RyYWNpb24gR2VyZW5jaWFsL0JpYmxpb2dyYWZpYS9BcnRpY3Vsb3MgQ2llbnRpZmljb3MvVGltZSBTZXJpZXMvRGlja2V5IEZ1bGxlciBUaGVzaXMucGRmABMAAS8AABUAAgAO//8AAIAG0hscHR5aJGNsYXNzbmFtZVgkY2xhc3Nlc11OU011dGFibGVEYXRhox0fIFZOU0RhdGFYTlNPYmplY3TSGxwiI1xOU0RpY3Rpb25hcnmiIiBfEA9OU0tleWVkQXJjaGl2ZXLRJidUcm9vdIABAAgAEQAaACMALQAyADcAQABGAE0AVQBgAGcAagBsAG4AcQBzAHUAdwCEAI4A4QDmAO4DUgNUA1kDZANtA3sDfwOGA48DlAOhA6QDtgO5A74AAAAAAAACAQAAAAAAAAAoAAAAAAAAAAAAAAAAAAADwA==}}

@article{yuWangLai,
	Author = {Lean Yu and Shouyang Wang and KK Lai},
	Date-Added = {2017-10-12 00:28:08 +0000},
	Date-Modified = {2017-10-12 00:29:27 +0000},
	Journal = {Computers and Operations Research},
	Number = {32},
	Pages = {2523-2541},
	Title = {A novel nonlinear ensemble forecasting model incorporating GLAR andANN for foreign exchange rates},
	Year = {2005},
	Bdsk-File-1 = {YnBsaXN0MDDUAQIDBAUGJCVYJHZlcnNpb25YJG9iamVjdHNZJGFyY2hpdmVyVCR0b3ASAAGGoKgHCBMUFRYaIVUkbnVsbNMJCgsMDxJXTlMua2V5c1pOUy5vYmplY3RzViRjbGFzc6INDoACgAOiEBGABIAFgAdccmVsYXRpdmVQYXRoWWFsaWFzRGF0YV8QWi4uLy4uLy4uL0JpYmxpb2dyYWZpYS9BcnRpY3Vsb3MgQ2llbnRpZmljb3MvRk9SRVggUHJlZGljdGlvbi9HTEFSIEFOTiBGT1JFWCBQcmVkaWN0aW9uLnBkZtIXCxgZV05TLmRhdGFPEQKCAAAAAAKCAAIAAAxNYWNpbnRvc2ggSEQAAAAAAAAAAAAAAAAAAADSSF2RSCsAAAB2MRMdR0xBUiBBTk4gRk9SRVggUHJlZGljdGlvbi5wZGYAAAAAAAAAAAAAAAAAAAAAAAAAAAAAAAAAAAAAAAAAAAAAAHYmktXkB4kAAAAAAAAAAAADAAQAAAkgAAAAAAAAAAAAAAAAAAAAEEZPUkVYIFByZWRpY3Rpb24AEAAIAADSSKPhAAAAEQAIAADV5E3ZAAAAAQAcAHYxEwB2J54Adj4EAFCrzQAJYdgACWHXAAYqmgACAJ1NYWNpbnRvc2ggSEQ6VXNlcnM6AGFtZWlsaWo6AERvY3VtZW50czoARG9jdG9yYWRvIEFkbWluaXN0cmFjaW9uIzUwQUJDRDoAQmlibGlvZ3JhZmlhOgBBcnRpY3Vsb3MgQ2llbnRpZmljb3M6AEZPUkVYIFByZWRpY3Rpb246AEdMQVIgQU5OIEZPUkVYIFByZWRpY3Rpb24ucGRmAAAOADwAHQBHAEwAQQBSACAAQQBOAE4AIABGAE8AUgBFAFgAIABQAHIAZQBkAGkAYwB0AGkAbwBuAC4AcABkAGYADwAaAAwATQBhAGMAaQBuAHQAbwBzAGgAIABIAEQAEgCMVXNlcnMvYW1laWxpai9Eb2N1bWVudHMvRG9jdG9yYWRvIEFkbWluaXN0cmFjaW9uIEdlcmVuY2lhbC9CaWJsaW9ncmFmaWEvQXJ0aWN1bG9zIENpZW50aWZpY29zL0ZPUkVYIFByZWRpY3Rpb24vR0xBUiBBTk4gRk9SRVggUHJlZGljdGlvbi5wZGYAEwABLwAAFQACAA7//wAAgAbSGxwdHlokY2xhc3NuYW1lWCRjbGFzc2VzXU5TTXV0YWJsZURhdGGjHR8gVk5TRGF0YVhOU09iamVjdNIbHCIjXE5TRGljdGlvbmFyeaIiIF8QD05TS2V5ZWRBcmNoaXZlctEmJ1Ryb290gAEACAARABoAIwAtADIANwBAAEYATQBVAGAAZwBqAGwAbgBxAHMAdQB3AIQAjgDrAPAA+AN+A4ADhQOQA5kDpwOrA7IDuwPAA80D0APiA+UD6gAAAAAAAAIBAAAAAAAAACgAAAAAAAAAAAAAAAAAAAPs}}

@article{talebiHoang,
	Author = {Hossein Talebi and Winsor Hoang and Marina Gavrilova},
	Date-Added = {2017-10-12 00:26:22 +0000},
	Date-Modified = {2017-10-12 00:27:28 +0000},
	Journal = {Procedia Computer Science},
	Pages = {2065-2075},
	Title = {Multi-Scale Foreign Exchange Rates Ensemble for Classification of Trends in Forex Market},
	Volume = {29},
	Year = {2014},
	Bdsk-File-1 = {YnBsaXN0MDDUAQIDBAUGJCVYJHZlcnNpb25YJG9iamVjdHNZJGFyY2hpdmVyVCR0b3ASAAGGoKgHCBMUFRYaIVUkbnVsbNMJCgsMDxJXTlMua2V5c1pOUy5vYmplY3RzViRjbGFzc6INDoACgAOiEBGABIAFgAdccmVsYXRpdmVQYXRoWWFsaWFzRGF0YV8QTy4uLy4uLy4uL0JpYmxpb2dyYWZpYS9BcnRpY3Vsb3MgQ2llbnRpZmljb3MvRk9SRVggUHJlZGljdGlvbi9GT1JFWCBFbnNlbWJsZS5wZGbSFwsYGVdOUy5kYXRhTxECVgAAAAACVgACAAAMTWFjaW50b3NoIEhEAAAAAAAAAAAAAAAAAAAA0khdkUgrAAAAdjETEkZPUkVYIEVuc2VtYmxlLnBkZgAAAAAAAAAAAAAAAAAAAAAAAAAAAAAAAAAAAAAAAAAAAAAAAAAAAAAAAAAAAAB2JtbV5AfJAAAAAAAAAAAAAwAEAAAJIAAAAAAAAAAAAAAAAAAAABBGT1JFWCBQcmVkaWN0aW9uABAACAAA0kij4QAAABEACAAA1eROGQAAAAEAHAB2MRMAdieeAHY+BABQq80ACWHYAAlh1wAGKpoAAgCSTWFjaW50b3NoIEhEOlVzZXJzOgBhbWVpbGlqOgBEb2N1bWVudHM6AERvY3RvcmFkbyBBZG1pbmlzdHJhY2lvbiM1MEFCQ0Q6AEJpYmxpb2dyYWZpYToAQXJ0aWN1bG9zIENpZW50aWZpY29zOgBGT1JFWCBQcmVkaWN0aW9uOgBGT1JFWCBFbnNlbWJsZS5wZGYADgAmABIARgBPAFIARQBYACAARQBuAHMAZQBtAGIAbABlAC4AcABkAGYADwAaAAwATQBhAGMAaQBuAHQAbwBzAGgAIABIAEQAEgCBVXNlcnMvYW1laWxpai9Eb2N1bWVudHMvRG9jdG9yYWRvIEFkbWluaXN0cmFjaW9uIEdlcmVuY2lhbC9CaWJsaW9ncmFmaWEvQXJ0aWN1bG9zIENpZW50aWZpY29zL0ZPUkVYIFByZWRpY3Rpb24vRk9SRVggRW5zZW1ibGUucGRmAAATAAEvAAAVAAIADv//AACABtIbHB0eWiRjbGFzc25hbWVYJGNsYXNzZXNdTlNNdXRhYmxlRGF0YaMdHyBWTlNEYXRhWE5TT2JqZWN00hscIiNcTlNEaWN0aW9uYXJ5oiIgXxAPTlNLZXllZEFyY2hpdmVy0SYnVHJvb3SAAQAIABEAGgAjAC0AMgA3AEAARgBNAFUAYABnAGoAbABuAHEAcwB1AHcAhACOAOAA5QDtA0cDSQNOA1kDYgNwA3QDewOEA4kDlgOZA6sDrgOzAAAAAAAAAgEAAAAAAAAAKAAAAAAAAAAAAAAAAAAAA7U=}}

@article{rehmanKhanMahmud,
	Author = {Mehreen Rehman and Gul Muhammad Khan and Sahibzada Mahmud},
	Booktitle = {2014 International Conference on Future Information Engineering},
	Date-Added = {2017-10-12 00:22:05 +0000},
	Date-Modified = {2017-10-12 00:25:58 +0000},
	Editor = {Elvesier},
	Journal = {IERI Procedia},
	Organization = {IERI Procedia},
	Pages = {239-244},
	Publisher = {Elvesier},
	Title = {Foreign Currency Exchange Rates Prediction using CGP and Recurrent Neural Network},
	Volume = {10},
	Year = {2014},
	Bdsk-File-1 = {YnBsaXN0MDDUAQIDBAUGJCVYJHZlcnNpb25YJG9iamVjdHNZJGFyY2hpdmVyVCR0b3ASAAGGoKgHCBMUFRYaIVUkbnVsbNMJCgsMDxJXTlMua2V5c1pOUy5vYmplY3RzViRjbGFzc6INDoACgAOiEBGABIAFgAdccmVsYXRpdmVQYXRoWWFsaWFzRGF0YV8QVS4uLy4uLy4uL0JpYmxpb2dyYWZpYS9BcnRpY3Vsb3MgQ2llbnRpZmljb3MvRk9SRVggUHJlZGljdGlvbi9DR1AgRk9SRVggUHJlZGljdGlvbi5wZGbSFwsYGVdOUy5kYXRhTxECbgAAAAACbgACAAAMTWFjaW50b3NoIEhEAAAAAAAAAAAAAAAAAAAA0khdkUgrAAAAdjETGENHUCBGT1JFWCBQcmVkaWN0aW9uLnBkZgAAAAAAAAAAAAAAAAAAAAAAAAAAAAAAAAAAAAAAAAAAAAAAAAAAAAB2Ju3V5AfqAAAAAAAAAAAAAwAEAAAJIAAAAAAAAAAAAAAAAAAAABBGT1JFWCBQcmVkaWN0aW9uABAACAAA0kij4QAAABEACAAA1eROOgAAAAEAHAB2MRMAdieeAHY+BABQq80ACWHYAAlh1wAGKpoAAgCYTWFjaW50b3NoIEhEOlVzZXJzOgBhbWVpbGlqOgBEb2N1bWVudHM6AERvY3RvcmFkbyBBZG1pbmlzdHJhY2lvbiM1MEFCQ0Q6AEJpYmxpb2dyYWZpYToAQXJ0aWN1bG9zIENpZW50aWZpY29zOgBGT1JFWCBQcmVkaWN0aW9uOgBDR1AgRk9SRVggUHJlZGljdGlvbi5wZGYADgAyABgAQwBHAFAAIABGAE8AUgBFAFgAIABQAHIAZQBkAGkAYwB0AGkAbwBuAC4AcABkAGYADwAaAAwATQBhAGMAaQBuAHQAbwBzAGgAIABIAEQAEgCHVXNlcnMvYW1laWxpai9Eb2N1bWVudHMvRG9jdG9yYWRvIEFkbWluaXN0cmFjaW9uIEdlcmVuY2lhbC9CaWJsaW9ncmFmaWEvQXJ0aWN1bG9zIENpZW50aWZpY29zL0ZPUkVYIFByZWRpY3Rpb24vQ0dQIEZPUkVYIFByZWRpY3Rpb24ucGRmAAATAAEvAAAVAAIADv//AACABtIbHB0eWiRjbGFzc25hbWVYJGNsYXNzZXNdTlNNdXRhYmxlRGF0YaMdHyBWTlNEYXRhWE5TT2JqZWN00hscIiNcTlNEaWN0aW9uYXJ5oiIgXxAPTlNLZXllZEFyY2hpdmVy0SYnVHJvb3SAAQAIABEAGgAjAC0AMgA3AEAARgBNAFUAYABnAGoAbABuAHEAcwB1AHcAhACOAOYA6wDzA2UDZwNsA3cDgAOOA5IDmQOiA6cDtAO3A8kDzAPRAAAAAAAAAgEAAAAAAAAAKAAAAAAAAAAAAAAAAAAAA9M=}}

@unpublished{dietterich,
	Author = {Thomas Dietterich},
	Date-Added = {2017-10-12 00:18:43 +0000},
	Date-Modified = {2017-10-12 00:20:41 +0000},
	Note = {Oregon State University},
	Title = {Ensemble Methods in Machine Learning},
	Bdsk-File-1 = {YnBsaXN0MDDUAQIDBAUGJCVYJHZlcnNpb25YJG9iamVjdHNZJGFyY2hpdmVyVCR0b3ASAAGGoKgHCBMUFRYaIVUkbnVsbNMJCgsMDxJXTlMua2V5c1pOUy5vYmplY3RzViRjbGFzc6INDoACgAOiEBGABIAFgAdccmVsYXRpdmVQYXRoWWFsaWFzRGF0YV8QWC4uLy4uLy4uL0JpYmxpb2dyYWZpYS9BcnRpY3Vsb3MgQ2llbnRpZmljb3MvRW5zZW1ibGVkIE1ldGhvZHMvRW5zZW1ibGUgTWV0aG9kcyBpbiBNTC5wZGbSFwsYGVdOUy5kYXRhTxECegAAAAACegACAAAMTWFjaW50b3NoIEhEAAAAAAAAAAAAAAAAAAAA0khdkUgrAAAAdi+kGkVuc2VtYmxlIE1ldGhvZHMgaW4gTUwucGRmAAAAAAAAAAAAAAAAAAAAAAAAAAAAAAAAAAAAAAAAAAAAAAAAAAB2JPTV5ATjAAAAAAAAAAAAAwAEAAAJIAAAAAAAAAAAAAAAAAAAABFFbnNlbWJsZWQgTWV0aG9kcwAAEAAIAADSSKPhAAAAEQAIAADV5EszAAAAAQAcAHYvpAB2J54Adj4EAFCrzQAJYdgACWHXAAYqmgACAJtNYWNpbnRvc2ggSEQ6VXNlcnM6AGFtZWlsaWo6AERvY3VtZW50czoARG9jdG9yYWRvIEFkbWluaXN0cmFjaW9uIzUwQUJDRDoAQmlibGlvZ3JhZmlhOgBBcnRpY3Vsb3MgQ2llbnRpZmljb3M6AEVuc2VtYmxlZCBNZXRob2RzOgBFbnNlbWJsZSBNZXRob2RzIGluIE1MLnBkZgAADgA2ABoARQBuAHMAZQBtAGIAbABlACAATQBlAHQAaABvAGQAcwAgAGkAbgAgAE0ATAAuAHAAZABmAA8AGgAMAE0AYQBjAGkAbgB0AG8AcwBoACAASABEABIAilVzZXJzL2FtZWlsaWovRG9jdW1lbnRzL0RvY3RvcmFkbyBBZG1pbmlzdHJhY2lvbiBHZXJlbmNpYWwvQmlibGlvZ3JhZmlhL0FydGljdWxvcyBDaWVudGlmaWNvcy9FbnNlbWJsZWQgTWV0aG9kcy9FbnNlbWJsZSBNZXRob2RzIGluIE1MLnBkZgATAAEvAAAVAAIADv//AACABtIbHB0eWiRjbGFzc25hbWVYJGNsYXNzZXNdTlNNdXRhYmxlRGF0YaMdHyBWTlNEYXRhWE5TT2JqZWN00hscIiNcTlNEaWN0aW9uYXJ5oiIgXxAPTlNLZXllZEFyY2hpdmVy0SYnVHJvb3SAAQAIABEAGgAjAC0AMgA3AEAARgBNAFUAYABnAGoAbABuAHEAcwB1AHcAhACOAOkA7gD2A3QDdgN7A4YDjwOdA6EDqAOxA7YDwwPGA9gD2wPgAAAAAAAAAgEAAAAAAAAAKAAAAAAAAAAAAAAAAAAAA+I=}}

@unpublished{ensembleZhou,
	Author = {Zhi-Hua Zhou},
	Date-Added = {2017-10-12 00:16:35 +0000},
	Date-Modified = {2017-10-12 00:17:58 +0000},
	Title = {Ensemble Learning},
	Bdsk-File-1 = {YnBsaXN0MDDUAQIDBAUGJCVYJHZlcnNpb25YJG9iamVjdHNZJGFyY2hpdmVyVCR0b3ASAAGGoKgHCBMUFRYaIVUkbnVsbNMJCgsMDxJXTlMua2V5c1pOUy5vYmplY3RzViRjbGFzc6INDoACgAOiEBGABIAFgAdccmVsYXRpdmVQYXRoWWFsaWFzRGF0YV8QVC4uLy4uLy4uL0JpYmxpb2dyYWZpYS9BcnRpY3Vsb3MgQ2llbnRpZmljb3MvRW5zZW1ibGVkIE1ldGhvZHMvRW5zZW1ibGVkIExlYXJuaW5nLnBkZtIXCxgZV05TLmRhdGFPEQJqAAAAAAJqAAIAAAxNYWNpbnRvc2ggSEQAAAAAAAAAAAAAAAAAAADSSF2RSCsAAAB2L6QWRW5zZW1ibGVkIExlYXJuaW5nLnBkZgAAAAAAAAAAAAAAAAAAAAAAAAAAAAAAAAAAAAAAAAAAAAAAAAAAAAAAAHYlY9XkBboAAAAAAAAAAAADAAQAAAkgAAAAAAAAAAAAAAAAAAAAEUVuc2VtYmxlZCBNZXRob2RzAAAQAAgAANJIo+EAAAARAAgAANXkTAoAAAABABwAdi+kAHYnngB2PgQAUKvNAAlh2AAJYdcABiqaAAIAl01hY2ludG9zaCBIRDpVc2VyczoAYW1laWxpajoARG9jdW1lbnRzOgBEb2N0b3JhZG8gQWRtaW5pc3RyYWNpb24jNTBBQkNEOgBCaWJsaW9ncmFmaWE6AEFydGljdWxvcyBDaWVudGlmaWNvczoARW5zZW1ibGVkIE1ldGhvZHM6AEVuc2VtYmxlZCBMZWFybmluZy5wZGYAAA4ALgAWAEUAbgBzAGUAbQBiAGwAZQBkACAATABlAGEAcgBuAGkAbgBnAC4AcABkAGYADwAaAAwATQBhAGMAaQBuAHQAbwBzAGgAIABIAEQAEgCGVXNlcnMvYW1laWxpai9Eb2N1bWVudHMvRG9jdG9yYWRvIEFkbWluaXN0cmFjaW9uIEdlcmVuY2lhbC9CaWJsaW9ncmFmaWEvQXJ0aWN1bG9zIENpZW50aWZpY29zL0Vuc2VtYmxlZCBNZXRob2RzL0Vuc2VtYmxlZCBMZWFybmluZy5wZGYAEwABLwAAFQACAA7//wAAgAbSGxwdHlokY2xhc3NuYW1lWCRjbGFzc2VzXU5TTXV0YWJsZURhdGGjHR8gVk5TRGF0YVhOU09iamVjdNIbHCIjXE5TRGljdGlvbmFyeaIiIF8QD05TS2V5ZWRBcmNoaXZlctEmJ1Ryb290gAEACAARABoAIwAtADIANwBAAEYATQBVAGAAZwBqAGwAbgBxAHMAdQB3AIQAjgDlAOoA8gNgA2IDZwNyA3sDiQONA5QDnQOiA68DsgPEA8cDzAAAAAAAAAIBAAAAAAAAACgAAAAAAAAAAAAAAAAAAAPO}}

@article{popularEnsemble,
	Author = {David Opitz and Richard Maclin},
	Date-Added = {2017-10-12 00:13:56 +0000},
	Date-Modified = {2017-10-12 00:15:46 +0000},
	Journal = {Journal of Artificial Intelligence Research },
	Keywords = {ensemble methods},
	Pages = {169-198},
	Title = {Popular Ensemble Methods: An Empirical Study},
	Volume = {II},
	Year = {1999},
	Bdsk-File-1 = {YnBsaXN0MDDUAQIDBAUGJCVYJHZlcnNpb25YJG9iamVjdHNZJGFyY2hpdmVyVCR0b3ASAAGGoKgHCBMUFRYaIVUkbnVsbNMJCgsMDxJXTlMua2V5c1pOUy5vYmplY3RzViRjbGFzc6INDoACgAOiEBGABIAFgAdccmVsYXRpdmVQYXRoWWFsaWFzRGF0YV8QWi4uLy4uLy4uL0JpYmxpb2dyYWZpYS9BcnRpY3Vsb3MgQ2llbnRpZmljb3MvRW5zZW1ibGVkIE1ldGhvZHMvUG9wdWxhciBFbnNlbWJsZSBNZXRob2RzLnBkZtIXCxgZV05TLmRhdGFPEQKCAAAAAAKCAAIAAAxNYWNpbnRvc2ggSEQAAAAAAAAAAAAAAAAAAADSSF2RSCsAAAB2L6QcUG9wdWxhciBFbnNlbWJsZSBNZXRob2RzLnBkZgAAAAAAAAAAAAAAAAAAAAAAAAAAAAAAAAAAAAAAAAAAAAAAAHWfHtXfTkoAAAAAAAAAAAADAAQAAAkgAAAAAAAAAAAAAAAAAAAAEUVuc2VtYmxlZCBNZXRob2RzAAAQAAgAANJIo+EAAAARAAgAANXflJoAAAABABwAdi+kAHYnngB2PgQAUKvNAAlh2AAJYdcABiqaAAIAnU1hY2ludG9zaCBIRDpVc2VyczoAYW1laWxpajoARG9jdW1lbnRzOgBEb2N0b3JhZG8gQWRtaW5pc3RyYWNpb24jNTBBQkNEOgBCaWJsaW9ncmFmaWE6AEFydGljdWxvcyBDaWVudGlmaWNvczoARW5zZW1ibGVkIE1ldGhvZHM6AFBvcHVsYXIgRW5zZW1ibGUgTWV0aG9kcy5wZGYAAA4AOgAcAFAAbwBwAHUAbABhAHIAIABFAG4AcwBlAG0AYgBsAGUAIABNAGUAdABoAG8AZABzAC4AcABkAGYADwAaAAwATQBhAGMAaQBuAHQAbwBzAGgAIABIAEQAEgCMVXNlcnMvYW1laWxpai9Eb2N1bWVudHMvRG9jdG9yYWRvIEFkbWluaXN0cmFjaW9uIEdlcmVuY2lhbC9CaWJsaW9ncmFmaWEvQXJ0aWN1bG9zIENpZW50aWZpY29zL0Vuc2VtYmxlZCBNZXRob2RzL1BvcHVsYXIgRW5zZW1ibGUgTWV0aG9kcy5wZGYAEwABLwAAFQACAA7//wAAgAbSGxwdHlokY2xhc3NuYW1lWCRjbGFzc2VzXU5TTXV0YWJsZURhdGGjHR8gVk5TRGF0YVhOU09iamVjdNIbHCIjXE5TRGljdGlvbmFyeaIiIF8QD05TS2V5ZWRBcmNoaXZlctEmJ1Ryb290gAEACAARABoAIwAtADIANwBAAEYATQBVAGAAZwBqAGwAbgBxAHMAdQB3AIQAjgDrAPAA+AN+A4ADhQOQA5kDpwOrA7IDuwPAA80D0APiA+UD6gAAAAAAAAIBAAAAAAAAACgAAAAAAAAAAAAAAAAAAAPs}}

@book{daume,
	Address = {Maryland, USA},
	Author = {Hal Daume},
	Date-Added = {2017-10-09 00:24:05 +0000},
	Date-Modified = {2017-10-09 00:27:03 +0000},
	Publisher = {University of Maryland},
	Title = {A Course in Machine Learning},
	Year = {2013}}

@book{intoStats7,
	Address = {Willimantic, USA},
	Author = {Prem S. Mann and Christopher Jay Lacke},
	Date-Added = {2017-10-08 18:28:48 +0000},
	Date-Modified = {2017-10-08 18:30:49 +0000},
	Publisher = {Wiley},
	Title = {Introductory Statistics},
	Year = {2010}}

@book{thinkStats,
	Address = {Massachusetts, USA},
	Author = {Allen B. Downey},
	Date-Added = {2017-10-08 18:20:08 +0000},
	Date-Modified = {2017-10-08 18:21:13 +0000},
	Publisher = {Green Tea Press},
	Title = {Think Stats},
	Year = {2014},
	Bdsk-File-1 = {YnBsaXN0MDDUAQIDBAUGJCVYJHZlcnNpb25YJG9iamVjdHNZJGFyY2hpdmVyVCR0b3ASAAGGoKgHCBMUFRYaIVUkbnVsbNMJCgsMDxJXTlMua2V5c1pOUy5vYmplY3RzViRjbGFzc6INDoACgAOiEBGABIAFgAdccmVsYXRpdmVQYXRoWWFsaWFzRGF0YV8QNi4uLy4uLy4uL0JpYmxpb2dyYWZpYS9Cb29rcy9TdGF0aXN0aWNzL3RoaW5rc3RhdHMyLnBkZtIXCxgZV05TLmRhdGFPEQIYAAAAAAIYAAIAAAxNYWNpbnRvc2ggSEQAAAAAAAAAAAAAAAAAAADSSF2RSCsAAAB2PYMPdGhpbmtzdGF0czIucGRmAAAAAAAAAAAAAAAAAAAAAAAAAAAAAAAAAAAAAAAAAAAAAAAAAAAAAAAAAAAAAAAAAITZeNX/14IAAAAAAAAAAAADAAQAAAkgAAAAAAAAAAAAAAAAAAAAClN0YXRpc3RpY3MAEAAIAADSSKPhAAAAEQAIAADWAB3SAAAAAQAcAHY9gwB2OpwAdj4EAFCrzQAJYdgACWHXAAYqmgACAHlNYWNpbnRvc2ggSEQ6VXNlcnM6AGFtZWlsaWo6AERvY3VtZW50czoARG9jdG9yYWRvIEFkbWluaXN0cmFjaW9uIzUwQUJDRDoAQmlibGlvZ3JhZmlhOgBCb29rczoAU3RhdGlzdGljczoAdGhpbmtzdGF0czIucGRmAAAOACAADwB0AGgAaQBuAGsAcwB0AGEAdABzADIALgBwAGQAZgAPABoADABNAGEAYwBpAG4AdABvAHMAaAAgAEgARAASAGhVc2Vycy9hbWVpbGlqL0RvY3VtZW50cy9Eb2N0b3JhZG8gQWRtaW5pc3RyYWNpb24gR2VyZW5jaWFsL0JpYmxpb2dyYWZpYS9Cb29rcy9TdGF0aXN0aWNzL3RoaW5rc3RhdHMyLnBkZgATAAEvAAAVAAIADv//AACABtIbHB0eWiRjbGFzc25hbWVYJGNsYXNzZXNdTlNNdXRhYmxlRGF0YaMdHyBWTlNEYXRhWE5TT2JqZWN00hscIiNcTlNEaWN0aW9uYXJ5oiIgXxAPTlNLZXllZEFyY2hpdmVy0SYnVHJvb3SAAQAIABEAGgAjAC0AMgA3AEAARgBNAFUAYABnAGoAbABuAHEAcwB1AHcAhACOAMcAzADUAvAC8gL3AwIDCwMZAx0DJAMtAzIDPwNCA1QDVwNcAAAAAAAAAgEAAAAAAAAAKAAAAAAAAAAAAAAAAAAAA14=}}

@book{yakir,
	Address = {Jerusalem, Israel},
	Author = {Benjamin Yakir},
	Date-Added = {2017-10-08 17:25:51 +0000},
	Date-Modified = {2017-10-08 17:26:51 +0000},
	Publisher = {The Hebrew University},
	Title = {Introduction to Statistical Thinking (With R, Without Calculus)},
	Year = {2011},
	Bdsk-File-1 = {YnBsaXN0MDDUAQIDBAUGJCVYJHZlcnNpb25YJG9iamVjdHNZJGFyY2hpdmVyVCR0b3ASAAGGoKgHCBMUFRYaIVUkbnVsbNMJCgsMDxJXTlMua2V5c1pOUy5vYmplY3RzViRjbGFzc6INDoACgAOiEBGABIAFgAdccmVsYXRpdmVQYXRoWWFsaWFzRGF0YV8QNC4uLy4uLy4uL0JpYmxpb2dyYWZpYS9Cb29rcy9TdGF0aXN0aWNzL0ludHJvU3RhdC5wZGbSFwsYGVdOUy5kYXRhTxECEAAAAAACEAACAAAMTWFjaW50b3NoIEhEAAAAAAAAAAAAAAAAAAAA0khdkUgrAAAAdj2DDUludHJvU3RhdC5wZGYAAAAAAAAAAAAAAAAAAAAAAAAAAAAAAAAAAAAAAAAAAAAAAAAAAAAAAAAAAAAAAAAAAACEys7V/8heAAAAAAAAAAAAAwAEAAAJIAAAAAAAAAAAAAAAAAAAAApTdGF0aXN0aWNzABAACAAA0kij4QAAABEACAAA1gAOrgAAAAEAHAB2PYMAdjqcAHY+BABQq80ACWHYAAlh1wAGKpoAAgB3TWFjaW50b3NoIEhEOlVzZXJzOgBhbWVpbGlqOgBEb2N1bWVudHM6AERvY3RvcmFkbyBBZG1pbmlzdHJhY2lvbiM1MEFCQ0Q6AEJpYmxpb2dyYWZpYToAQm9va3M6AFN0YXRpc3RpY3M6AEludHJvU3RhdC5wZGYAAA4AHAANAEkAbgB0AHIAbwBTAHQAYQB0AC4AcABkAGYADwAaAAwATQBhAGMAaQBuAHQAbwBzAGgAIABIAEQAEgBmVXNlcnMvYW1laWxpai9Eb2N1bWVudHMvRG9jdG9yYWRvIEFkbWluaXN0cmFjaW9uIEdlcmVuY2lhbC9CaWJsaW9ncmFmaWEvQm9va3MvU3RhdGlzdGljcy9JbnRyb1N0YXQucGRmABMAAS8AABUAAgAO//8AAIAG0hscHR5aJGNsYXNzbmFtZVgkY2xhc3Nlc11OU011dGFibGVEYXRhox0fIFZOU0RhdGFYTlNPYmplY3TSGxwiI1xOU0RpY3Rpb25hcnmiIiBfEA9OU0tleWVkQXJjaGl2ZXLRJidUcm9vdIABAAgAEQAaACMALQAyADcAQABGAE0AVQBgAGcAagBsAG4AcQBzAHUAdwCEAI4AxQDKANIC5gLoAu0C+AMBAw8DEwMaAyMDKAM1AzgDSgNNA1IAAAAAAAACAQAAAAAAAAAoAAAAAAAAAAAAAAAAAAADVA==}}

@book{experienciasExportadoras,
	Author = {Adolfo Meisel Roca and Joaquin Viloria de la Hoz and Jaime Bonet Mor{\'o}n and Mar{\'\i}a Aguilera Diaz},
	Date-Added = {2017-10-08 17:03:35 +0000},
	Date-Modified = {2017-10-08 17:06:07 +0000},
	Editor = {Adolfo Meisel Roca},
	Publisher = {Colecci{\'o}n de Econom{\'\i}a Regional},
	Title = {Experiencias Exportadoras del Caribe Colombiano},
	Year = {2002}}

@book{crisisCambiarias,
	Address = {Barranquilla, Colombia},
	Author = {Bernardo Bernardi Carriello},
	Date-Added = {2017-10-08 17:02:04 +0000},
	Date-Modified = {2017-10-08 17:03:12 +0000},
	Publisher = {Ediciones Uninorte},
	Title = {Crisis Cambiarias en Pa{\'\i}ses Emergentes},
	Year = {2010}}

@book{ecoCol,
	Address = {Bogot{\'a}, Colombia},
	Author = {Jaime Ramirez Plazas},
	Date-Added = {2017-10-08 17:00:25 +0000},
	Date-Modified = {2017-10-08 17:01:32 +0000},
	Publisher = {Libreria Ediciones del Profesional Ltda.},
	Title = {Economia Colombiana},
	Year = {2013}}

@book{cardenas,
	Address = {Bogot{\'a}, Colombia},
	Author = {Alfonso Ortega C{\'a}rdenas},
	Date-Added = {2017-10-08 16:55:56 +0000},
	Date-Modified = {2017-10-08 17:00:00 +0000},
	Publisher = {ECOE Ediciones},
	Title = {Econom{\'\i}a Colombiana 5ta Edici{\'o}n},
	Year = {2016}}

@book{hyndman,
	Address = {Melbourne Australia},
	Author = {Robert Hyndman and Gregory Athanasopoulos},
	Date-Added = {2017-10-08 16:44:04 +0000},
	Date-Modified = {2017-10-08 16:45:20 +0000},
	Publisher = {Otexts},
	Title = {Forecasting Principles and Practice},
	Year = {2014}}

@book{hayashi,
	Address = {Kobe Japan},
	Author = {Chikio Hayashi and Keiji Yajima and Hans H. Bock and Noboru Ohsumi and Yutaka Tanaka and Yasumasa Baba},
	Date-Added = {2017-10-08 16:32:12 +0000},
	Date-Modified = {2017-10-08 16:36:09 +0000},
	Editor = {Springer},
	Publisher = {Springer},
	Title = {Data Science, Classification, and Related Methods},
	Year = {1981},
	Bdsk-File-1 = {YnBsaXN0MDDUAQIDBAUGJCVYJHZlcnNpb25YJG9iamVjdHNZJGFyY2hpdmVyVCR0b3ASAAGGoKgHCBMUFRYaIVUkbnVsbNMJCgsMDxJXTlMua2V5c1pOUy5vYmplY3RzViRjbGFzc6INDoACgAOiEBGABIAFgAdccmVsYXRpdmVQYXRoWWFsaWFzRGF0YV8QUS4uLy4uLy4uL0JpYmxpb2dyYWZpYS9BcnRpY3Vsb3MgQ2llbnRpZmljb3MvRGF0YSBTY2llbmNlL1doYXQgaXMgRGF0YSBTY2llbmNlLnBkZtIXCxgZV05TLmRhdGFPEQJiAAAAAAJiAAIAAAxNYWNpbnRvc2ggSEQAAAAAAAAAAAAAAAAAAADSSF2RSCsAAAB2MNEYV2hhdCBpcyBEYXRhIFNjaWVuY2UucGRmAAAAAAAAAAAAAAAAAAAAAAAAAAAAAAAAAAAAAAAAAAAAAAAAAAAAAHYnttT9yKIAAAAAAAAAAAADAAQAAAkgAAAAAAAAAAAAAAAAAAAADERhdGEgU2NpZW5jZQAQAAgAANJIo+EAAAARAAgAANT+DvIAAAABABwAdjDRAHYnngB2PgQAUKvNAAlh2AAJYdcABiqaAAIAlE1hY2ludG9zaCBIRDpVc2VyczoAYW1laWxpajoARG9jdW1lbnRzOgBEb2N0b3JhZG8gQWRtaW5pc3RyYWNpb24jNTBBQkNEOgBCaWJsaW9ncmFmaWE6AEFydGljdWxvcyBDaWVudGlmaWNvczoARGF0YSBTY2llbmNlOgBXaGF0IGlzIERhdGEgU2NpZW5jZS5wZGYADgAyABgAVwBoAGEAdAAgAGkAcwAgAEQAYQB0AGEAIABTAGMAaQBlAG4AYwBlAC4AcABkAGYADwAaAAwATQBhAGMAaQBuAHQAbwBzAGgAIABIAEQAEgCDVXNlcnMvYW1laWxpai9Eb2N1bWVudHMvRG9jdG9yYWRvIEFkbWluaXN0cmFjaW9uIEdlcmVuY2lhbC9CaWJsaW9ncmFmaWEvQXJ0aWN1bG9zIENpZW50aWZpY29zL0RhdGEgU2NpZW5jZS9XaGF0IGlzIERhdGEgU2NpZW5jZS5wZGYAABMAAS8AABUAAgAO//8AAIAG0hscHR5aJGNsYXNzbmFtZVgkY2xhc3Nlc11OU011dGFibGVEYXRhox0fIFZOU0RhdGFYTlNPYmplY3TSGxwiI1xOU0RpY3Rpb25hcnmiIiBfEA9OU0tleWVkQXJjaGl2ZXLRJidUcm9vdIABAAgAEQAaACMALQAyADcAQABGAE0AVQBgAGcAagBsAG4AcQBzAHUAdwCEAI4A4gDnAO8DVQNXA1wDZwNwA34DggOJA5IDlwOkA6cDuQO8A8EAAAAAAAACAQAAAAAAAAAoAAAAAAAAAAAAAAAAAAADww==}}

@article{tukey,
	Author = {John Tukey},
	Date-Added = {2017-10-08 16:29:42 +0000},
	Date-Modified = {2017-10-08 16:32:01 +0000},
	Journal = {The Annals of Mathematical Statistics},
	Pages = {67},
	Title = {The Future of Data Analysis},
	Volume = {33},
	Year = {1962},
	Bdsk-File-1 = {YnBsaXN0MDDUAQIDBAUGJCVYJHZlcnNpb25YJG9iamVjdHNZJGFyY2hpdmVyVCR0b3ASAAGGoKgHCBMUFRYaIVUkbnVsbNMJCgsMDxJXTlMua2V5c1pOUy5vYmplY3RzViRjbGFzc6INDoACgAOiEBGABIAFgAdccmVsYXRpdmVQYXRoWWFsaWFzRGF0YV8QWC4uLy4uLy4uL0JpYmxpb2dyYWZpYS9BcnRpY3Vsb3MgQ2llbnRpZmljb3MvRGF0YSBTY2llbmNlL1RoZSBGdXR1cmUgb2YgRGF0YSBBbmFseXNpcy5wZGbSFwsYGVdOUy5kYXRhTxECfgAAAAACfgACAAAMTWFjaW50b3NoIEhEAAAAAAAAAAAAAAAAAAAA0khdkUgrAAAAdjDRH1RoZSBGdXR1cmUgb2YgRGF0YSBBbmFseXNpcy5wZGYAAAAAAAAAAAAAAAAAAAAAAAAAAAAAAAAAAAAAAAAAAAB2J7TU/eQNAAAAAAAAAAAAAwAEAAAJIAAAAAAAAAAAAAAAAAAAAAxEYXRhIFNjaWVuY2UAEAAIAADSSKPhAAAAEQAIAADU/ipdAAAAAQAcAHYw0QB2J54Adj4EAFCrzQAJYdgACWHXAAYqmgACAJtNYWNpbnRvc2ggSEQ6VXNlcnM6AGFtZWlsaWo6AERvY3VtZW50czoARG9jdG9yYWRvIEFkbWluaXN0cmFjaW9uIzUwQUJDRDoAQmlibGlvZ3JhZmlhOgBBcnRpY3Vsb3MgQ2llbnRpZmljb3M6AERhdGEgU2NpZW5jZToAVGhlIEZ1dHVyZSBvZiBEYXRhIEFuYWx5c2lzLnBkZgAADgBAAB8AVABoAGUAIABGAHUAdAB1AHIAZQAgAG8AZgAgAEQAYQB0AGEAIABBAG4AYQBsAHkAcwBpAHMALgBwAGQAZgAPABoADABNAGEAYwBpAG4AdABvAHMAaAAgAEgARAASAIpVc2Vycy9hbWVpbGlqL0RvY3VtZW50cy9Eb2N0b3JhZG8gQWRtaW5pc3RyYWNpb24gR2VyZW5jaWFsL0JpYmxpb2dyYWZpYS9BcnRpY3Vsb3MgQ2llbnRpZmljb3MvRGF0YSBTY2llbmNlL1RoZSBGdXR1cmUgb2YgRGF0YSBBbmFseXNpcy5wZGYAEwABLwAAFQACAA7//wAAgAbSGxwdHlokY2xhc3NuYW1lWCRjbGFzc2VzXU5TTXV0YWJsZURhdGGjHR8gVk5TRGF0YVhOU09iamVjdNIbHCIjXE5TRGljdGlvbmFyeaIiIF8QD05TS2V5ZWRBcmNoaXZlctEmJ1Ryb290gAEACAARABoAIwAtADIANwBAAEYATQBVAGAAZwBqAGwAbgBxAHMAdQB3AIQAjgDpAO4A9gN4A3oDfwOKA5MDoQOlA6wDtQO6A8cDygPcA98D5AAAAAAAAAIBAAAAAAAAACgAAAAAAAAAAAAAAAAAAAPm}}

@book{naur,
	Address = {Lund Sweden},
	Author = {Peter Naur},
	Date-Added = {2017-10-08 16:27:39 +0000},
	Date-Modified = {2017-10-08 16:29:04 +0000},
	Publisher = {Petrocelli Charter},
	Rating = {4},
	Title = {Consice Survey of Computer Methods},
	Year = {1974},
	Bdsk-File-1 = {YnBsaXN0MDDUAQIDBAUGJCVYJHZlcnNpb25YJG9iamVjdHNZJGFyY2hpdmVyVCR0b3ASAAGGoKgHCBMUFRYaIVUkbnVsbNMJCgsMDxJXTlMua2V5c1pOUy5vYmplY3RzViRjbGFzc6INDoACgAOiEBGABIAFgAdccmVsYXRpdmVQYXRoWWFsaWFzRGF0YV8QXy4uLy4uLy4uL0JpYmxpb2dyYWZpYS9BcnRpY3Vsb3MgQ2llbnRpZmljb3MvRGF0YSBTY2llbmNlL0NvbmNpc2UgU3VydmV5IG9mIENvbXB1dGVyIE1ldGhvZHMucGRm0hcLGBlXTlMuZGF0YU8RApQAAAAAApQAAgAADE1hY2ludG9zaCBIRAAAAAAAAAAAAAAAAAAAANJIXZFIKwAAAHYw0R9Db25jaXNlIFN1cnZleSBvZiBDbyM3NjgwNjEucGRmAAAAAAAAAAAAAAAAAAAAAAAAAAAAAAAAAAAAAAAAAAAAdoBh1eXolgAAAAAAAAAAAAMABAAACSAAAAAAAAAAAAAAAAAAAAAMRGF0YSBTY2llbmNlABAACAAA0kij4QAAABEACAAA1eYu5gAAAAEAHAB2MNEAdieeAHY+BABQq80ACWHYAAlh1wAGKpoAAgCbTWFjaW50b3NoIEhEOlVzZXJzOgBhbWVpbGlqOgBEb2N1bWVudHM6AERvY3RvcmFkbyBBZG1pbmlzdHJhY2lvbiM1MEFCQ0Q6AEJpYmxpb2dyYWZpYToAQXJ0aWN1bG9zIENpZW50aWZpY29zOgBEYXRhIFNjaWVuY2U6AENvbmNpc2UgU3VydmV5IG9mIENvIzc2ODA2MS5wZGYAAA4ATgAmAEMAbwBuAGMAaQBzAGUAIABTAHUAcgB2AGUAeQAgAG8AZgAgAEMAbwBtAHAAdQB0AGUAcgAgAE0AZQB0AGgAbwBkAHMALgBwAGQAZgAPABoADABNAGEAYwBpAG4AdABvAHMAaAAgAEgARAASAJFVc2Vycy9hbWVpbGlqL0RvY3VtZW50cy9Eb2N0b3JhZG8gQWRtaW5pc3RyYWNpb24gR2VyZW5jaWFsL0JpYmxpb2dyYWZpYS9BcnRpY3Vsb3MgQ2llbnRpZmljb3MvRGF0YSBTY2llbmNlL0NvbmNpc2UgU3VydmV5IG9mIENvbXB1dGVyIE1ldGhvZHMucGRmAAATAAEvAAAVAAIADv//AACABtIbHB0eWiRjbGFzc25hbWVYJGNsYXNzZXNdTlNNdXRhYmxlRGF0YaMdHyBWTlNEYXRhWE5TT2JqZWN00hscIiNcTlNEaWN0aW9uYXJ5oiIgXxAPTlNLZXllZEFyY2hpdmVy0SYnVHJvb3SAAQAIABEAGgAjAC0AMgA3AEAARgBNAFUAYABnAGoAbABuAHEAcwB1AHcAhACOAPAA9QD9A5UDlwOcA6cDsAO+A8IDyQPSA9cD5APnA/kD/AQBAAAAAAAAAgEAAAAAAAAAKAAAAAAAAAAAAAAAAAAABAM=}}

@book{zumelMount,
	Address = {Shelter Island, USA},
	Author = {Zumel, N. and Mount, J.},
	Date-Modified = {2017-10-08 16:42:41 +0000},
	Publisher = {Manning},
	Title = {Practical Data Science with R},
	Year = 2014,
	Bdsk-File-1 = {YnBsaXN0MDDUAQIDBAUGJCVYJHZlcnNpb25YJG9iamVjdHNZJGFyY2hpdmVyVCR0b3ASAAGGoKgHCBMUFRYaIVUkbnVsbNMJCgsMDxJXTlMua2V5c1pOUy5vYmplY3RzViRjbGFzc6INDoACgAOiEBGABIAFgAdccmVsYXRpdmVQYXRoWWFsaWFzRGF0YV8QSi4uLy4uLy4uL0JpYmxpb2dyYWZpYS9Cb29rcy9EYXRhIFNjaWVuY2UvUHJhY3RpY2FsIERhdGEgU2NpZW5jZSB3aXRoIFIucGRm0hcLGBlXTlMuZGF0YU8RAmQAAAAAAmQAAgAADE1hY2ludG9zaCBIRAAAAAAAAAAAAAAAAAAAANJIXZFIKwAAAHY63h9QcmFjdGljYWwgRGF0YSBTY2llbiM3NjNBNjUucGRmAAAAAAAAAAAAAAAAAAAAAAAAAAAAAAAAAAAAAAAAAAAAdjpl0h2iFAAAAAAAAAAAAAMABAAACSAAAAAAAAAAAAAAAAAAAAAMRGF0YSBTY2llbmNlABAACAAA0kij4QAAABEACAAA0h3oZAAAAAEAHAB2Ot4AdjqcAHY+BABQq80ACWHYAAlh1wAGKpoAAgCLTWFjaW50b3NoIEhEOlVzZXJzOgBhbWVpbGlqOgBEb2N1bWVudHM6AERvY3RvcmFkbyBBZG1pbmlzdHJhY2lvbiM1MEFCQ0Q6AEJpYmxpb2dyYWZpYToAQm9va3M6AERhdGEgU2NpZW5jZToAUHJhY3RpY2FsIERhdGEgU2NpZW4jNzYzQTY1LnBkZgAADgBEACEAUAByAGEAYwB0AGkAYwBhAGwAIABEAGEAdABhACAAUwBjAGkAZQBuAGMAZQAgAHcAaQB0AGgAIABSAC4AcABkAGYADwAaAAwATQBhAGMAaQBuAHQAbwBzAGgAIABIAEQAEgB8VXNlcnMvYW1laWxpai9Eb2N1bWVudHMvRG9jdG9yYWRvIEFkbWluaXN0cmFjaW9uIEdlcmVuY2lhbC9CaWJsaW9ncmFmaWEvQm9va3MvRGF0YSBTY2llbmNlL1ByYWN0aWNhbCBEYXRhIFNjaWVuY2Ugd2l0aCBSLnBkZgATAAEvAAAVAAIADv//AACABtIbHB0eWiRjbGFzc25hbWVYJGNsYXNzZXNdTlNNdXRhYmxlRGF0YaMdHyBWTlNEYXRhWE5TT2JqZWN00hscIiNcTlNEaWN0aW9uYXJ5oiIgXxAPTlNLZXllZEFyY2hpdmVy0SYnVHJvb3SAAQAIABEAGgAjAC0AMgA3AEAARgBNAFUAYABnAGoAbABuAHEAcwB1AHcAhACOANsA4ADoA1ADUgNXA2IDawN5A30DhAONA5IDnwOiA7QDtwO8AAAAAAAAAgEAAAAAAAAAKAAAAAAAAAAAAAAAAAAAA74=}}

@book{daroczi,
	Address = {Birmingham, UK},
	Author = {Daroczi, G.},
	Date-Modified = {2017-10-08 16:43:29 +0000},
	Publisher = {Packt Publishing},
	Title = {Mastering Data Science with R},
	Year = 2015,
	Bdsk-File-1 = {YnBsaXN0MDDUAQIDBAUGJCVYJHZlcnNpb25YJG9iamVjdHNZJGFyY2hpdmVyVCR0b3ASAAGGoKgHCBMUFRYaIVUkbnVsbNMJCgsMDxJXTlMua2V5c1pOUy5vYmplY3RzViRjbGFzc6INDoACgAOiEBGABIAFgAdccmVsYXRpdmVQYXRoWWFsaWFzRGF0YV8QSy4uLy4uLy4uL0JpYmxpb2dyYWZpYS9Cb29rcy9EYXRhIFNjaWVuY2UvTWFzdGVyaW5nIERhdGEgQW5hbHlzaXMgd2l0aCBSLnBkZtIXCxgZV05TLmRhdGFPEQJoAAAAAAJoAAIAAAxNYWNpbnRvc2ggSEQAAAAAAAAAAAAAAAAAAADSSF2RSCsAAAB2Ot4fTWFzdGVyaW5nIERhdGEgQW5hbHkjNzYzQTYyLnBkZgAAAAAAAAAAAAAAAAAAAAAAAAAAAAAAAAAAAAAAAAAAAHY6YtJFFQYAAAAAAAAAAAADAAQAAAkgAAAAAAAAAAAAAAAAAAAADERhdGEgU2NpZW5jZQAQAAgAANJIo+EAAAARAAgAANJFW1YAAAABABwAdjreAHY6nAB2PgQAUKvNAAlh2AAJYdcABiqaAAIAi01hY2ludG9zaCBIRDpVc2VyczoAYW1laWxpajoARG9jdW1lbnRzOgBEb2N0b3JhZG8gQWRtaW5pc3RyYWNpb24jNTBBQkNEOgBCaWJsaW9ncmFmaWE6AEJvb2tzOgBEYXRhIFNjaWVuY2U6AE1hc3RlcmluZyBEYXRhIEFuYWx5Izc2M0E2Mi5wZGYAAA4ARgAiAE0AYQBzAHQAZQByAGkAbgBnACAARABhAHQAYQAgAEEAbgBhAGwAeQBzAGkAcwAgAHcAaQB0AGgAIABSAC4AcABkAGYADwAaAAwATQBhAGMAaQBuAHQAbwBzAGgAIABIAEQAEgB9VXNlcnMvYW1laWxpai9Eb2N1bWVudHMvRG9jdG9yYWRvIEFkbWluaXN0cmFjaW9uIEdlcmVuY2lhbC9CaWJsaW9ncmFmaWEvQm9va3MvRGF0YSBTY2llbmNlL01hc3RlcmluZyBEYXRhIEFuYWx5c2lzIHdpdGggUi5wZGYAABMAAS8AABUAAgAO//8AAIAG0hscHR5aJGNsYXNzbmFtZVgkY2xhc3Nlc11OU011dGFibGVEYXRhox0fIFZOU0RhdGFYTlNPYmplY3TSGxwiI1xOU0RpY3Rpb25hcnmiIiBfEA9OU0tleWVkQXJjaGl2ZXLRJidUcm9vdIABAAgAEQAaACMALQAyADcAQABGAE0AVQBgAGcAagBsAG4AcQBzAHUAdwCEAI4A3ADhAOkDVQNXA1wDZwNwA34DggOJA5IDlwOkA6cDuQO8A8EAAAAAAAACAQAAAAAAAAAoAAAAAAAAAAAAAAAAAAADww==}}

@book{narayanachar,
	Address = {Birmingham, UK},
	Author = {Narayanachar, P.},
	Date-Modified = {2017-10-09 01:47:04 +0000},
	Publisher = {Packt Publishing},
	Title = {R Statistical Application Development by Example},
	Year = 2013,
	Bdsk-File-1 = {YnBsaXN0MDDUAQIDBAUGJCVYJHZlcnNpb25YJG9iamVjdHNZJGFyY2hpdmVyVCR0b3ASAAGGoKgHCBMUFRYaIVUkbnVsbNMJCgsMDxJXTlMua2V5c1pOUy5vYmplY3RzViRjbGFzc6INDoACgAOiEBGABIAFgAdccmVsYXRpdmVQYXRoWWFsaWFzRGF0YV8Qdi4uLy4uLy4uL0JpYmxpb2dyYWZpYS9Cb29rcy9EYXRhIFNjaWVuY2UvUiBTdGF0aXN0aWNhbCBBcHBsaWNhdGlvbiBEZXZlbG9wbWVudCBieSBFeGFtcGxlIEJlZ2lubmVyJ3MgR3VpZGUgW2VCb29rXS5wZGbSFwsYGVdOUy5kYXRhTxEC6AAAAAAC6AACAAAMTWFjaW50b3NoIEhEAAAAAAAAAAAAAAAAAAAA0khdkUgrAAAAdjreH1IgU3RhdGlzdGljYWwgQXBwbGljIzg1RkRFMi5wZGYAAAAAAAAAAAAAAAAAAAAAAAAAAAAAAAAAAAAAAAAAAACF/eLR/h1lAAAAAAAAAAAAAwAEAAAJIAAAAAAAAAAAAAAAAAAAAAxEYXRhIFNjaWVuY2UAEAAIAADSSKPhAAAAEQAIAADR/mO1AAAAAQAcAHY63gB2OpwAdj4EAFCrzQAJYdgACWHXAAYqmgACAItNYWNpbnRvc2ggSEQ6VXNlcnM6AGFtZWlsaWo6AERvY3VtZW50czoARG9jdG9yYWRvIEFkbWluaXN0cmFjaW9uIzUwQUJDRDoAQmlibGlvZ3JhZmlhOgBCb29rczoARGF0YSBTY2llbmNlOgBSIFN0YXRpc3RpY2FsIEFwcGxpYyM4NUZERTIucGRmAAAOAJwATQBSACAAUwB0AGEAdABpAHMAdABpAGMAYQBsACAAQQBwAHAAbABpAGMAYQB0AGkAbwBuACAARABlAHYAZQBsAG8AcABtAGUAbgB0ACAAYgB5ACAARQB4AGEAbQBwAGwAZQAgAEIAZQBnAGkAbgBuAGUAcgAnAHMAIABHAHUAaQBkAGUAIABbAGUAQgBvAG8AawBdAC4AcABkAGYADwAaAAwATQBhAGMAaQBuAHQAbwBzAGgAIABIAEQAEgCoVXNlcnMvYW1laWxpai9Eb2N1bWVudHMvRG9jdG9yYWRvIEFkbWluaXN0cmFjaW9uIEdlcmVuY2lhbC9CaWJsaW9ncmFmaWEvQm9va3MvRGF0YSBTY2llbmNlL1IgU3RhdGlzdGljYWwgQXBwbGljYXRpb24gRGV2ZWxvcG1lbnQgYnkgRXhhbXBsZSBCZWdpbm5lcidzIEd1aWRlIFtlQm9va10ucGRmABMAAS8AABUAAgAO//8AAIAG0hscHR5aJGNsYXNzbmFtZVgkY2xhc3Nlc11OU011dGFibGVEYXRhox0fIFZOU0RhdGFYTlNPYmplY3TSGxwiI1xOU0RpY3Rpb25hcnmiIiBfEA9OU0tleWVkQXJjaGl2ZXLRJidUcm9vdIABAAgAEQAaACMALQAyADcAQABGAE0AVQBgAGcAagBsAG4AcQBzAHUAdwCEAI4BBwEMARQEAAQCBAcEEgQbBCkELQQ0BD0EQgRPBFIEZARnBGwAAAAAAAACAQAAAAAAAAAoAAAAAAAAAAAAAAAAAAAEbg==}}

@book{viswanathan,
	Address = {Birmingham, UK},
	Author = {Viswanathan, V. and Viswanathan, S.},
	Date-Modified = {2017-10-08 17:34:47 +0000},
	Publisher = {Packt Publishing},
	Title = {R Data Analysis Cookbook},
	Year = 2015,
	Bdsk-File-1 = {YnBsaXN0MDDUAQIDBAUGJCVYJHZlcnNpb25YJG9iamVjdHNZJGFyY2hpdmVyVCR0b3ASAAGGoKgHCBMUFRYaIVUkbnVsbNMJCgsMDxJXTlMua2V5c1pOUy5vYmplY3RzViRjbGFzc6INDoACgAOiEBGABIAFgAdccmVsYXRpdmVQYXRoWWFsaWFzRGF0YV8QRS4uLy4uLy4uL0JpYmxpb2dyYWZpYS9Cb29rcy9EYXRhIFNjaWVuY2UvUiBEYXRhIEFuYWx5c2lzIENvb2tib29rLnBkZtIXCxgZV05TLmRhdGFPEQJSAAAAAAJSAAIAAAxNYWNpbnRvc2ggSEQAAAAAAAAAAAAAAAAAAADSSF2RSCsAAAB2Ot4cUiBEYXRhIEFuYWx5c2lzIENvb2tib29rLnBkZgAAAAAAAAAAAAAAAAAAAAAAAAAAAAAAAAAAAAAAAAAAAAAAAHY6Z9Icb3AAAAAAAAAAAAADAAQAAAkgAAAAAAAAAAAAAAAAAAAADERhdGEgU2NpZW5jZQAQAAgAANJIo+EAAAARAAgAANIctcAAAAABABwAdjreAHY6nAB2PgQAUKvNAAlh2AAJYdcABiqaAAIAiE1hY2ludG9zaCBIRDpVc2VyczoAYW1laWxpajoARG9jdW1lbnRzOgBEb2N0b3JhZG8gQWRtaW5pc3RyYWNpb24jNTBBQkNEOgBCaWJsaW9ncmFmaWE6AEJvb2tzOgBEYXRhIFNjaWVuY2U6AFIgRGF0YSBBbmFseXNpcyBDb29rYm9vay5wZGYADgA6ABwAUgAgAEQAYQB0AGEAIABBAG4AYQBsAHkAcwBpAHMAIABDAG8AbwBrAGIAbwBvAGsALgBwAGQAZgAPABoADABNAGEAYwBpAG4AdABvAHMAaAAgAEgARAASAHdVc2Vycy9hbWVpbGlqL0RvY3VtZW50cy9Eb2N0b3JhZG8gQWRtaW5pc3RyYWNpb24gR2VyZW5jaWFsL0JpYmxpb2dyYWZpYS9Cb29rcy9EYXRhIFNjaWVuY2UvUiBEYXRhIEFuYWx5c2lzIENvb2tib29rLnBkZgAAEwABLwAAFQACAA7//wAAgAbSGxwdHlokY2xhc3NuYW1lWCRjbGFzc2VzXU5TTXV0YWJsZURhdGGjHR8gVk5TRGF0YVhOU09iamVjdNIbHCIjXE5TRGljdGlvbmFyeaIiIF8QD05TS2V5ZWRBcmNoaXZlctEmJ1Ryb290gAEACAARABoAIwAtADIANwBAAEYATQBVAGAAZwBqAGwAbgBxAHMAdQB3AIQAjgDWANsA4wM5AzsDQANLA1QDYgNmA20DdgN7A4gDiwOdA6ADpQAAAAAAAAIBAAAAAAAAACgAAAAAAAAAAAAAAAAAAAOn}}

@book{datamining,
	Address = {San Francisco, USA},
	Author = {Witten, I. and Frank, E.},
	Date-Modified = {2017-10-08 16:51:42 +0000},
	Publisher = {Morgan Kaufmann Publishing},
	Title = {Data Mining Practical Machine Learning Tools and Techniques},
	Year = 2005,
	Bdsk-File-1 = {YnBsaXN0MDDUAQIDBAUGJCVYJHZlcnNpb25YJG9iamVjdHNZJGFyY2hpdmVyVCR0b3ASAAGGoKgHCBMUFRYaIVUkbnVsbNMJCgsMDxJXTlMua2V5c1pOUy5vYmplY3RzViRjbGFzc6INDoACgAOiEBGABIAFgAdccmVsYXRpdmVQYXRoWWFsaWFzRGF0YV8QPC4uLy4uLy4uL0JpYmxpb2dyYWZpYS9Cb29rcy9FbnNlbWJsZSBNZXRob2RzL0RhdGEgTWluaW5nLnBkZtIXCxgZV05TLmRhdGFPEQIqAAAAAAIqAAIAAAxNYWNpbnRvc2ggSEQAAAAAAAAAAAAAAAAAAADSSF2RSCsAAAB2PMsPRGF0YSBNaW5pbmcucGRmAAAAAAAAAAAAAAAAAAAAAAAAAAAAAAAAAAAAAAAAAAAAAAAAAAAAAAAAAAAAAAAAAHYkQ9XkBD0AAAAAAAAAAAADAAQAAAkgAAAAAAAAAAAAAAAAAAAAEEVuc2VtYmxlIE1ldGhvZHMAEAAIAADSSKPhAAAAEQAIAADV5EqNAAAAAQAcAHY8ywB2OpwAdj4EAFCrzQAJYdgACWHXAAYqmgACAH9NYWNpbnRvc2ggSEQ6VXNlcnM6AGFtZWlsaWo6AERvY3VtZW50czoARG9jdG9yYWRvIEFkbWluaXN0cmFjaW9uIzUwQUJDRDoAQmlibGlvZ3JhZmlhOgBCb29rczoARW5zZW1ibGUgTWV0aG9kczoARGF0YSBNaW5pbmcucGRmAAAOACAADwBEAGEAdABhACAATQBpAG4AaQBuAGcALgBwAGQAZgAPABoADABNAGEAYwBpAG4AdABvAHMAaAAgAEgARAASAG5Vc2Vycy9hbWVpbGlqL0RvY3VtZW50cy9Eb2N0b3JhZG8gQWRtaW5pc3RyYWNpb24gR2VyZW5jaWFsL0JpYmxpb2dyYWZpYS9Cb29rcy9FbnNlbWJsZSBNZXRob2RzL0RhdGEgTWluaW5nLnBkZgATAAEvAAAVAAIADv//AACABtIbHB0eWiRjbGFzc25hbWVYJGNsYXNzZXNdTlNNdXRhYmxlRGF0YaMdHyBWTlNEYXRhWE5TT2JqZWN00hscIiNcTlNEaWN0aW9uYXJ5oiIgXxAPTlNLZXllZEFyY2hpdmVy0SYnVHJvb3SAAQAIABEAGgAjAC0AMgA3AEAARgBNAFUAYABnAGoAbABuAHEAcwB1AHcAhACOAM0A0gDaAwgDCgMPAxoDIwMxAzUDPANFA0oDVwNaA2wDbwN0AAAAAAAAAgEAAAAAAAAAKAAAAAAAAAAAAAAAAAAAA3Y=}}

@book{ensembleMethods,
	Address = {Boca Raton, USA},
	Author = {Zhou, Z.},
	Date-Modified = {2017-10-08 16:52:21 +0000},
	Publisher = {Chapman and Hall - CRC},
	Title = {Ensemble Methods},
	Year = 2012,
	Bdsk-File-1 = {YnBsaXN0MDDUAQIDBAUGJCVYJHZlcnNpb25YJG9iamVjdHNZJGFyY2hpdmVyVCR0b3ASAAGGoKgHCBMUFRYaIVUkbnVsbNMJCgsMDxJXTlMua2V5c1pOUy5vYmplY3RzViRjbGFzc6INDoACgAOiEBGABIAFgAdccmVsYXRpdmVQYXRoWWFsaWFzRGF0YV8QQS4uLy4uLy4uL0JpYmxpb2dyYWZpYS9Cb29rcy9FbnNlbWJsZSBNZXRob2RzL0Vuc2VtYmxlIE1ldGhvZHMucGRm0hcLGBlXTlMuZGF0YU8RAj4AAAAAAj4AAgAADE1hY2ludG9zaCBIRAAAAAAAAAAAAAAAAAAAANJIXZFIKwAAAHY8yxRFbnNlbWJsZSBNZXRob2RzLnBkZgAAAAAAAAAAAAAAAAAAAAAAAAAAAAAAAAAAAAAAAAAAAAAAAAAAAAAAAAAAdiUN1eQFRgAAAAAAAAAAAAMABAAACSAAAAAAAAAAAAAAAAAAAAAQRW5zZW1ibGUgTWV0aG9kcwAQAAgAANJIo+EAAAARAAgAANXkS5YAAAABABwAdjzLAHY6nAB2PgQAUKvNAAlh2AAJYdcABiqaAAIAhE1hY2ludG9zaCBIRDpVc2VyczoAYW1laWxpajoARG9jdW1lbnRzOgBEb2N0b3JhZG8gQWRtaW5pc3RyYWNpb24jNTBBQkNEOgBCaWJsaW9ncmFmaWE6AEJvb2tzOgBFbnNlbWJsZSBNZXRob2RzOgBFbnNlbWJsZSBNZXRob2RzLnBkZgAOACoAFABFAG4AcwBlAG0AYgBsAGUAIABNAGUAdABoAG8AZABzAC4AcABkAGYADwAaAAwATQBhAGMAaQBuAHQAbwBzAGgAIABIAEQAEgBzVXNlcnMvYW1laWxpai9Eb2N1bWVudHMvRG9jdG9yYWRvIEFkbWluaXN0cmFjaW9uIEdlcmVuY2lhbC9CaWJsaW9ncmFmaWEvQm9va3MvRW5zZW1ibGUgTWV0aG9kcy9FbnNlbWJsZSBNZXRob2RzLnBkZgAAEwABLwAAFQACAA7//wAAgAbSGxwdHlokY2xhc3NuYW1lWCRjbGFzc2VzXU5TTXV0YWJsZURhdGGjHR8gVk5TRGF0YVhOU09iamVjdNIbHCIjXE5TRGljdGlvbmFyeaIiIF8QD05TS2V5ZWRBcmNoaXZlctEmJ1Ryb290gAEACAARABoAIwAtADIANwBAAEYATQBVAGAAZwBqAGwAbgBxAHMAdQB3AIQAjgDSANcA3wMhAyMDKAMzAzwDSgNOA1UDXgNjA3ADcwOFA4gDjQAAAAAAAAIBAAAAAAAAACgAAAAAAAAAAAAAAAAAAAOP}}

@book{ensembleMachineLearning,
	Address = {New York, USA},
	Author = {Zhang, C. and Ma, Y.},
	Date-Modified = {2017-10-08 16:52:41 +0000},
	Publisher = {Springer},
	Title = {Ensemble Machine Learning},
	Year = 2012,
	Bdsk-File-1 = {YnBsaXN0MDDUAQIDBAUGJCVYJHZlcnNpb25YJG9iamVjdHNZJGFyY2hpdmVyVCR0b3ASAAGGoKgHCBMUFRYaIVUkbnVsbNMJCgsMDxJXTlMua2V5c1pOUy5vYmplY3RzViRjbGFzc6INDoACgAOiEBGABIAFgAdccmVsYXRpdmVQYXRoWWFsaWFzRGF0YV8QSi4uLy4uLy4uL0JpYmxpb2dyYWZpYS9Cb29rcy9FbnNlbWJsZSBNZXRob2RzL0Vuc2VtYmxlIE1hY2hpbmUgTGVhcm5pbmcucGRm0hcLGBlXTlMuZGF0YU8RAmIAAAAAAmIAAgAADE1hY2ludG9zaCBIRAAAAAAAAAAAAAAAAAAAANJIXZFIKwAAAHY8yx1FbnNlbWJsZSBNYWNoaW5lIExlYXJuaW5nLnBkZgAAAAAAAAAAAAAAAAAAAAAAAAAAAAAAAAAAAAAAAAAAAAAAdiU11eQFkAAAAAAAAAAAAAMABAAACSAAAAAAAAAAAAAAAAAAAAAQRW5zZW1ibGUgTWV0aG9kcwAQAAgAANJIo+EAAAARAAgAANXkS+AAAAABABwAdjzLAHY6nAB2PgQAUKvNAAlh2AAJYdcABiqaAAIAjU1hY2ludG9zaCBIRDpVc2VyczoAYW1laWxpajoARG9jdW1lbnRzOgBEb2N0b3JhZG8gQWRtaW5pc3RyYWNpb24jNTBBQkNEOgBCaWJsaW9ncmFmaWE6AEJvb2tzOgBFbnNlbWJsZSBNZXRob2RzOgBFbnNlbWJsZSBNYWNoaW5lIExlYXJuaW5nLnBkZgAADgA8AB0ARQBuAHMAZQBtAGIAbABlACAATQBhAGMAaABpAG4AZQAgAEwAZQBhAHIAbgBpAG4AZwAuAHAAZABmAA8AGgAMAE0AYQBjAGkAbgB0AG8AcwBoACAASABEABIAfFVzZXJzL2FtZWlsaWovRG9jdW1lbnRzL0RvY3RvcmFkbyBBZG1pbmlzdHJhY2lvbiBHZXJlbmNpYWwvQmlibGlvZ3JhZmlhL0Jvb2tzL0Vuc2VtYmxlIE1ldGhvZHMvRW5zZW1ibGUgTWFjaGluZSBMZWFybmluZy5wZGYAEwABLwAAFQACAA7//wAAgAbSGxwdHlokY2xhc3NuYW1lWCRjbGFzc2VzXU5TTXV0YWJsZURhdGGjHR8gVk5TRGF0YVhOU09iamVjdNIbHCIjXE5TRGljdGlvbmFyeaIiIF8QD05TS2V5ZWRBcmNoaXZlctEmJ1Ryb290gAEACAARABoAIwAtADIANwBAAEYATQBVAGAAZwBqAGwAbgBxAHMAdQB3AIQAjgDbAOAA6ANOA1ADVQNgA2kDdwN7A4IDiwOQA50DoAOyA7UDugAAAAAAAAIBAAAAAAAAACgAAAAAAAAAAAAAAAAAAAO8}}

@book{alpaydin,
	Address = {Massachusetts, USA},
	Author = {Alpaydin, E.},
	Date-Modified = {2017-10-09 01:47:25 +0000},
	Publisher = {The MIT Press},
	Title = {Introduction to Machine Learning 2nd Edition},
	Year = 2010,
	Bdsk-File-1 = {YnBsaXN0MDDUAQIDBAUGJCVYJHZlcnNpb25YJG9iamVjdHNZJGFyY2hpdmVyVCR0b3ASAAGGoKgHCBMUFRYaIVUkbnVsbNMJCgsMDxJXTlMua2V5c1pOUy5vYmplY3RzViRjbGFzc6INDoACgAOiEBGABIAFgAdccmVsYXRpdmVQYXRoWWFsaWFzRGF0YV8QUS4uLy4uLy4uL0JpYmxpb2dyYWZpYS9Cb29rcy9NYWNoaW5lIExlYXJuaW5nL0ludHJvZHVjdGlvbiB0byBNYWNoaW5lIExlYXJuaW5nLnBkZtIXCxgZV05TLmRhdGFPEQJ6AAAAAAJ6AAIAAAxNYWNpbnRvc2ggSEQAAAAAAAAAAAAAAAAAAADSSF2RSCsAAAB2iKcfSW50cm9kdWN0aW9uIHRvIE1hY2gjNzY4NTUxLnBkZgAAAAAAAAAAAAAAAAAAAAAAAAAAAAAAAAAAAAAAAAAAAHaFUdXl7A8AAAAAAAAAAAADAAQAAAkgAAAAAAAAAAAAAAAAAAAAEE1hY2hpbmUgTGVhcm5pbmcAEAAIAADSSKPhAAAAEQAIAADV5jJfAAAAAQAcAHaIpwB2OpwAdj4EAFCrzQAJYdgACWHXAAYqmgACAI9NYWNpbnRvc2ggSEQ6VXNlcnM6AGFtZWlsaWo6AERvY3VtZW50czoARG9jdG9yYWRvIEFkbWluaXN0cmFjaW9uIzUwQUJDRDoAQmlibGlvZ3JhZmlhOgBCb29rczoATWFjaGluZSBMZWFybmluZzoASW50cm9kdWN0aW9uIHRvIE1hY2gjNzY4NTUxLnBkZgAADgBKACQASQBuAHQAcgBvAGQAdQBjAHQAaQBvAG4AIAB0AG8AIABNAGEAYwBoAGkAbgBlACAATABlAGEAcgBuAGkAbgBnAC4AcABkAGYADwAaAAwATQBhAGMAaQBuAHQAbwBzAGgAIABIAEQAEgCDVXNlcnMvYW1laWxpai9Eb2N1bWVudHMvRG9jdG9yYWRvIEFkbWluaXN0cmFjaW9uIEdlcmVuY2lhbC9CaWJsaW9ncmFmaWEvQm9va3MvTWFjaGluZSBMZWFybmluZy9JbnRyb2R1Y3Rpb24gdG8gTWFjaGluZSBMZWFybmluZy5wZGYAABMAAS8AABUAAgAO//8AAIAG0hscHR5aJGNsYXNzbmFtZVgkY2xhc3Nlc11OU011dGFibGVEYXRhox0fIFZOU0RhdGFYTlNPYmplY3TSGxwiI1xOU0RpY3Rpb25hcnmiIiBfEA9OU0tleWVkQXJjaGl2ZXLRJidUcm9vdIABAAgAEQAaACMALQAyADcAQABGAE0AVQBgAGcAagBsAG4AcQBzAHUAdwCEAI4A4gDnAO8DbQNvA3QDfwOIA5YDmgOhA6oDrwO8A78D0QPUA9kAAAAAAAACAQAAAAAAAAAoAAAAAAAAAAAAAAAAAAAD2w==}}

@book{harrington,
	Address = {Shelter Island, USA},
	Author = {Harrington, P.},
	Date-Modified = {2017-10-08 16:39:31 +0000},
	Publisher = {Manning Publications},
	Title = {Machine Learning in Action},
	Year = 2012,
	Bdsk-File-1 = {YnBsaXN0MDDUAQIDBAUGJCVYJHZlcnNpb25YJG9iamVjdHNZJGFyY2hpdmVyVCR0b3ASAAGGoKgHCBMUFRYaIVUkbnVsbNMJCgsMDxJXTlMua2V5c1pOUy5vYmplY3RzViRjbGFzc6INDoACgAOiEBGABIAFgAdccmVsYXRpdmVQYXRoWWFsaWFzRGF0YV8QSy4uLy4uLy4uL0JpYmxpb2dyYWZpYS9Cb29rcy9NYWNoaW5lIExlYXJuaW5nL01hY2hpbmUgTGVhcm5pbmcgaW4gQWN0aW9uLnBkZtIXCxgZV05TLmRhdGFPEQJmAAAAAAJmAAIAAAxNYWNpbnRvc2ggSEQAAAAAAAAAAAAAAAAAAADSSF2RSCsAAAB2iKceTWFjaGluZSBMZWFybmluZyBpbiBBY3Rpb24ucGRmAAAAAAAAAAAAAAAAAAAAAAAAAAAAAAAAAAAAAAAAAAAAAHaIgdXl7wYAAAAAAAAAAAADAAQAAAkgAAAAAAAAAAAAAAAAAAAAEE1hY2hpbmUgTGVhcm5pbmcAEAAIAADSSKPhAAAAEQAIAADV5jVWAAAAAQAcAHaIpwB2OpwAdj4EAFCrzQAJYdgACWHXAAYqmgACAI5NYWNpbnRvc2ggSEQ6VXNlcnM6AGFtZWlsaWo6AERvY3VtZW50czoARG9jdG9yYWRvIEFkbWluaXN0cmFjaW9uIzUwQUJDRDoAQmlibGlvZ3JhZmlhOgBCb29rczoATWFjaGluZSBMZWFybmluZzoATWFjaGluZSBMZWFybmluZyBpbiBBY3Rpb24ucGRmAA4APgAeAE0AYQBjAGgAaQBuAGUAIABMAGUAYQByAG4AaQBuAGcAIABpAG4AIABBAGMAdABpAG8AbgAuAHAAZABmAA8AGgAMAE0AYQBjAGkAbgB0AG8AcwBoACAASABEABIAfVVzZXJzL2FtZWlsaWovRG9jdW1lbnRzL0RvY3RvcmFkbyBBZG1pbmlzdHJhY2lvbiBHZXJlbmNpYWwvQmlibGlvZ3JhZmlhL0Jvb2tzL01hY2hpbmUgTGVhcm5pbmcvTWFjaGluZSBMZWFybmluZyBpbiBBY3Rpb24ucGRmAAATAAEvAAAVAAIADv//AACABtIbHB0eWiRjbGFzc25hbWVYJGNsYXNzZXNdTlNNdXRhYmxlRGF0YaMdHyBWTlNEYXRhWE5TT2JqZWN00hscIiNcTlNEaWN0aW9uYXJ5oiIgXxAPTlNLZXllZEFyY2hpdmVy0SYnVHJvb3SAAQAIABEAGgAjAC0AMgA3AEAARgBNAFUAYABnAGoAbABuAHEAcwB1AHcAhACOANwA4QDpA1MDVQNaA2UDbgN8A4ADhwOQA5UDogOlA7cDugO/AAAAAAAAAgEAAAAAAAAAKAAAAAAAAAAAAAAAAAAAA8E=}}

@book{mitchell,
	Address = {New York, USA},
	Author = {Mitchell, T.},
	Date-Modified = {2017-10-08 16:39:16 +0000},
	Publisher = {McGraw Hill},
	Title = {Machine Learning},
	Year = 1997,
	Bdsk-File-1 = {YnBsaXN0MDDUAQIDBAUGJCVYJHZlcnNpb25YJG9iamVjdHNZJGFyY2hpdmVyVCR0b3ASAAGGoKgHCBMUFRYaIVUkbnVsbNMJCgsMDxJXTlMua2V5c1pOUy5vYmplY3RzViRjbGFzc6INDoACgAOiEBGABIAFgAdccmVsYXRpdmVQYXRoWWFsaWFzRGF0YV8QQS4uLy4uLy4uL0JpYmxpb2dyYWZpYS9Cb29rcy9NYWNoaW5lIExlYXJuaW5nL01hY2hpbmUgTGVhcm5pbmcucGRm0hcLGBlXTlMuZGF0YU8RAj4AAAAAAj4AAgAADE1hY2ludG9zaCBIRAAAAAAAAAAAAAAAAAAAANJIXZFIKwAAAHaIpxRNYWNoaW5lIExlYXJuaW5nLnBkZgAAAAAAAAAAAAAAAAAAAAAAAAAAAAAAAAAAAAAAAAAAAAAAAAAAAAAAAAAAdoWl1eXsuwAAAAAAAAAAAAMABAAACSAAAAAAAAAAAAAAAAAAAAAQTWFjaGluZSBMZWFybmluZwAQAAgAANJIo+EAAAARAAgAANXmMwsAAAABABwAdoinAHY6nAB2PgQAUKvNAAlh2AAJYdcABiqaAAIAhE1hY2ludG9zaCBIRDpVc2VyczoAYW1laWxpajoARG9jdW1lbnRzOgBEb2N0b3JhZG8gQWRtaW5pc3RyYWNpb24jNTBBQkNEOgBCaWJsaW9ncmFmaWE6AEJvb2tzOgBNYWNoaW5lIExlYXJuaW5nOgBNYWNoaW5lIExlYXJuaW5nLnBkZgAOACoAFABNAGEAYwBoAGkAbgBlACAATABlAGEAcgBuAGkAbgBnAC4AcABkAGYADwAaAAwATQBhAGMAaQBuAHQAbwBzAGgAIABIAEQAEgBzVXNlcnMvYW1laWxpai9Eb2N1bWVudHMvRG9jdG9yYWRvIEFkbWluaXN0cmFjaW9uIEdlcmVuY2lhbC9CaWJsaW9ncmFmaWEvQm9va3MvTWFjaGluZSBMZWFybmluZy9NYWNoaW5lIExlYXJuaW5nLnBkZgAAEwABLwAAFQACAA7//wAAgAbSGxwdHlokY2xhc3NuYW1lWCRjbGFzc2VzXU5TTXV0YWJsZURhdGGjHR8gVk5TRGF0YVhOU09iamVjdNIbHCIjXE5TRGljdGlvbmFyeaIiIF8QD05TS2V5ZWRBcmNoaXZlctEmJ1Ryb290gAEACAARABoAIwAtADIANwBAAEYATQBVAGAAZwBqAGwAbgBxAHMAdQB3AIQAjgDSANcA3wMhAyMDKAMzAzwDSgNOA1UDXgNjA3ADcwOFA4gDjQAAAAAAAAIBAAAAAAAAACgAAAAAAAAAAAAAAAAAAAOP}}

@book{theElements,
	Address = {Stanford, USA},
	Author = {Trevor Hastie and Robert Tibshirani and Jerome Friedman},
	Date-Modified = {2017-10-09 01:46:05 +0000},
	Publisher = {Springer},
	Title = {The Elements of Statistical Learning},
	Year = 1997,
	Bdsk-File-1 = {YnBsaXN0MDDUAQIDBAUGJCVYJHZlcnNpb25YJG9iamVjdHNZJGFyY2hpdmVyVCR0b3ASAAGGoKgHCBMUFRYaIVUkbnVsbNMJCgsMDxJXTlMua2V5c1pOUy5vYmplY3RzViRjbGFzc6INDoACgAOiEBGABIAFgAdccmVsYXRpdmVQYXRoWWFsaWFzRGF0YV8QMC4uLy4uLy4uL0JpYmxpb2dyYWZpYS9Cb29rcy9TdGF0aXN0aWNzL0VTTElJLnBkZtIXCxgZV05TLmRhdGFPEQIAAAAAAAIAAAIAAAxNYWNpbnRvc2ggSEQAAAAAAAAAAAAAAAAAAADSSF2RSCsAAAB2PYMJRVNMSUkucGRmAAAAAAAAAAAAAAAAAAAAAAAAAAAAAAAAAAAAAAAAAAAAAAAAAAAAAAAAAAAAAAAAAAAAAAAAAIYEXdYEJqwAAAAAAAAAAAADAAQAAAkgAAAAAAAAAAAAAAAAAAAAClN0YXRpc3RpY3MAEAAIAADSSKPhAAAAEQAIAADWBGz8AAAAAQAcAHY9gwB2OpwAdj4EAFCrzQAJYdgACWHXAAYqmgACAHNNYWNpbnRvc2ggSEQ6VXNlcnM6AGFtZWlsaWo6AERvY3VtZW50czoARG9jdG9yYWRvIEFkbWluaXN0cmFjaW9uIzUwQUJDRDoAQmlibGlvZ3JhZmlhOgBCb29rczoAU3RhdGlzdGljczoARVNMSUkucGRmAAAOABQACQBFAFMATABJAEkALgBwAGQAZgAPABoADABNAGEAYwBpAG4AdABvAHMAaAAgAEgARAASAGJVc2Vycy9hbWVpbGlqL0RvY3VtZW50cy9Eb2N0b3JhZG8gQWRtaW5pc3RyYWNpb24gR2VyZW5jaWFsL0JpYmxpb2dyYWZpYS9Cb29rcy9TdGF0aXN0aWNzL0VTTElJLnBkZgATAAEvAAAVAAIADv//AACABtIbHB0eWiRjbGFzc25hbWVYJGNsYXNzZXNdTlNNdXRhYmxlRGF0YaMdHyBWTlNEYXRhWE5TT2JqZWN00hscIiNcTlNEaWN0aW9uYXJ5oiIgXxAPTlNLZXllZEFyY2hpdmVy0SYnVHJvb3SAAQAIABEAGgAjAC0AMgA3AEAARgBNAFUAYABnAGoAbABuAHEAcwB1AHcAhACOAMEAxgDOAtIC1ALZAuQC7QL7Av8DBgMPAxQDIQMkAzYDOQM+AAAAAAAAAgEAAAAAAAAAKAAAAAAAAAAAAAAAAAAAA0A=}}
