%% This BibTeX bibliography file was created using BibDesk.
%% http://bibdesk.sourceforge.net/

%% Created for Ariel Meilij at 2017-10-07 21:44:17 -0500 


%% Saved with string encoding Unicode (UTF-8) 



@book{<PDSWR>,
	Address = {Shelter Island, USA},
	Author = {Zumel, N. and Mount, J.},
	Date-Modified = {2017-10-08 02:42:59 +0000},
	Publisher = {Manning},
	Title = {Practical Data Science with R},
	Year = 2014}

@book{<MDAWR>,
	Address = {Birmingham, UK},
	Author = {Daroczi, G.},
	Publisher = {Packt Publishing},
	Title = {Mastering Data Science with R},
	Year = 2015}

@book{<RSADBE>,
	Address = {Birmingham, UK},
	Author = {Narayanachar, P.},
	Publisher = {Packt Publishing},
	Title = {R Statistical Application Development by Example},
	Year = 2013}

@book{<RDAC>,
	Address = {Birmingham, UK},
	Author = {Viswanathan, V. and Viswanathan, S.},
	Date-Modified = {2017-10-08 02:43:07 +0000},
	Publisher = {Packt Publishing},
	Title = {R Data Analysis Cookbook},
	Year = 2015}

@book{<DM>,
	Address = {San Francisco, USA},
	Author = {Witten, I. and Frank, E.},
	Date-Modified = {2017-10-08 02:42:19 +0000},
	Publisher = {Morgan Kaufmann Publishing},
	Title = {Data Mining Practical Machine Learning Tools and Techniques},
	Year = 2005}

@book{<EMFAA>,
	Address = {Boca Raton, USA},
	Author = {Zhou, Z.},
	Publisher = {Chapman & Hall - CRC},
	Title = {Ensemble Methods},
	Year = 2012}

@book{<EML>,
	Address = {New York, USA},
	Author = {Zhang, C. and Ma, Y.},
	Date-Modified = {2017-10-08 02:42:30 +0000},
	Publisher = {Springer},
	Title = {Ensemble Machine Learning},
	Year = 2012}

@book{<IML>,
	Address = {Massachusetts, USA},
	Author = {Alpaydin, E.},
	Publisher = {The MIT Press},
	Title = {Introduction to Machine Learning 2nd Edition},
	Year = 2010}

@book{<MLIA>,
	Address = {Shelter Island, USA},
	Author = {Harrington, P.},
	Publisher = {Manning Publications},
	Title = {Machine Learning in Action},
	Year = 2012}

@book{<ML>,
	Address = {New York, USA},
	Author = {Mitchell, T.},
	Publisher = {McGraw Hill},
	Title = {Machine Learning},
	Year = 1997}
